1864 2922
211 518 263 584 M.
284 520 391 602 VAL
409 518 668 588 MARTIALIS

73 661 81 668 ’
152 703 725 794 ansnnAMM-nnuu

261 915 368 968 LIBER
385 915 629 969 Duonucuuus.

189 1225 225 1272 M.
243 1226 292 1274 Vol.
302 1229 424 1277 Martialis
436 1229 518 1278 Prisco
528 1243 570 1276 auo
582 1228 695 1276 calmem.

143 1353 201 1402 Scio
210 1370 247 1402 me
257 1358 405 1419 patrocinium
412 1359 492 1406 debere
500 1359 702 1406 contumacissimae
711 1353 781 1404 trien·

109 1417 142 1464 nii
161 1417 268 1478 desidiae3
291 1439 342 1485 quae
361 1424 496 1470 absolvenda
512 1436 559 1470 non
578 1433 638 1470 esset
656 1423 781 1482 interillos

109 1497 199 1544 quoque
215 1489 373 1550 occupationes
388 1489 481 1544 urbicae,
502 1489 582 1549 quibus
596 1486 683 1534 facilius
700 1501 781 1534 conse·

111 1548 208 1608 quimur‚
225 1557 251 1596 ut
261 1553 350 1600 molesti
362 1553 437 1615 potius
448 1567 515 1613 quam
530 1551 623 1598 officiosi
640 1567 690 1598 esse
704 1551 782 1598 videa-

110 1627 178 1672 muc3
190 1615 279 1662 nedum
295 1619 319 1664 in
338 1619 379 1666 hac
395 1618 527 1680 provinciali
542 1617 668 1672 solitudine,
685 1617 722 1662 ubi
739 1617 783 1663 nisi

111 1678 179 1724 mam
188 1679 362 1743 intemperanter
370 1683 506 1737 studeamus,
518 1689 541 1729 ct
550 1683 598 1728 sine
606 1683 693 1736 solatio,
702 1687 725 1727 et
733 1681 784 1732 aiae

112 1745 257 1792 excusatione
268 1749 409 1796 secessimus.
442 1747 527 1809 Accipe
544 1761 599 1808 ergo
615 1747 740 1803 rationem3
758 1747 782 1792 in

112 1806 159 1867 qui
176 1809 218 1856 hoc
237 1813 361 1859 maximum
380 1821 403 1860 et
421 1815 518 1876 primum
541 1821 582 1864 est,
604 1811 665 1872 quod
686 1811 784 1858 civitatis

114 1886 186 1928 aures,
203 1876 282 1936 quibus
294 1893 442 1934 assueveram,
460 1893 544 1940 quaero,
561 1883 584 1922 et
599 1875 678 1922 videor
688 1876 743 1921 mihi
760 1876 784 1922 iu

114 1937 188 1984 alieno
198 1939 354 2004 soroiitigare.
388 1943 467 2004 Siquid
478 1951 513 1989 est
523 1943 583 1988 enim
594 1941 618 1986 in
629 1941 708 1986 libellis
719 1941 783 1994 meis,

114 2003 174 2062 quod
182 2003 274 2066 placeat¹
287 2007 379 2055 dictavit
387 2007 481 2055 auditor.
515 2005 580 2054 Illam
584 2006 721 2068 judiciorum
731 2005 784 2050 sub-

112 2067 224 2124 tilitatem,
246 2071 302 2117 illud
323 2074 466 2120 materiamm
488 2073 611 2134 ingenium,
632 2070 784 2124 bibliothecas,

114 2132 208 2193 theatra,
225 2134 356 2194 conventus,
374 2139 397 2184 in
409 2139 488 2202 quibus
499 2137 588 2183 studere
599 2151 623 2182 se
633 2133 785 2196 voluptatibus

115 2211 161 2243 non
173 2200 273 2246 sentiunt
280 2218 288 2258 ;
306 2203 334 2249 ad
346 2219 456 2250 summum
467 2203 575 2255 omnium,
588 2215 620 2255 es,
634 2214 685 2260 quae
696 2197 785 2246 delicati

114 2262 252 2324 reliquimus,
269 2267 337 2326 quasi
344 2269 444 2315 destituti
455 2267 611 2316 desideramus.
644 2263 740 2310 Accedit
751 2263 786 2310 hia

115 2329 284 2391 municipalium
295 2333 375 2394 rubigo
386 2333 492 2385 dentium,
505 2337 528 2377 et
534 2330 614 2394 judicii
624 2329 675 2375 loco
685 2329 750 2383 livor,
763 2333 786 2374 et
887 2382 890 2386 ¹

116 2405 176 2438 unua
192 2401 231 2440 aut
247 2395 303 2443 alter
313 2399 373 2452 mali,
390 2399 413 2443 in
424 2397 506 2459 pusillo
521 2395 572 2442 loco
589 2393 660 2449 mcilti,
678 2394 786 2440 adversus

116 2473 173 2518 quos
185 2459 274 2506 difficile
285 2469 320 2508 eat
331 2463 412 2508 habere
425 2460 524 2523 quotidie
539 2461 623 2505 bonum
638 2459 786 2518 stomachum.

117 2519 156 2568 Ne
167 2525 254 2571 mireris
265 2526 335 2588 igitur
346 2527 431 2590 abjecta
445 2527 472 2572 ab
482 2525 620 2588 indignante,
638 2538 689 2584 quoe
704 2537 717 2568 a
732 2537 786 2584 ges»

115 2587 185 2634 tiente
195 2587 244 2636 fieri
256 2591 363 2640 solebant.
391 2590 483 2652 Nequid
492 2600 568 2637 tamen
580 2595 603 2634 et
614 2587 741 2635 advenienti
747 2585 787 2632 tibi

117 2653 145 2699 ab
156 2653 217 2710 urbe,
229 2661 253 2702 ct
263 2655 364 2720 exigenti
371 2655 486 2718 degui-ean,
495 2653 541 2720 (cul
549 2667 595 2700 nou
602 2653 675 2700 resero
682 2649 787 2714 matiam,

553 2721 595 2769 21
