1922 2916
232 91 525 144 EPIGRAMMATUM
542 94 594 145 Ln-
606 93 664 144 vn,
690 127 694 132 -
730 99 776 144 177

154 219 263 269 Sollicitet
273 239 278 269 ε
297 225 370 286 capiet
380 225 469 271 coenula
479 240 547 286 parva
557 225 620 272 duos.

120 281 164 330 Ille
174 285 241 348 leget,
252 288 302 334 bibe
313 297 350 335 tu:
370 289 428 335 nolis
438 290 497 344 licet,
508 290 546 336 ille
557 290 644 338 sonabit
653 305 659 336 :

154 348 256 406 Etcum,
267 351 320 400 Jam
332 355 386 400 sads
396 361 436 409 ert,
448 355 536 410 dixeris
548 355 585 402 ille
596 355 665 417 leget.

312 485 351 529 52.
367 484 407 530 Au
417 483 528 531 Antrum.

120 605 218 654 Gratum
235 617 275 665 est,
293 610 353 670 quud
371 609 445 657 Celeri
463 617 551 657 nostros
567 611 632 672 legis,
651 609 733 664 Aucte,
747 609 776 656 ii·

141 687 146 700 ‘
217 674 288 721 bellos
295 692 303 731 ;

154 737 265 792 Simmen
275 747 298 784 et
310 737 419 793 Celerem,
431 739 490 800 quod
501 740 565 801 legis,
578 738 659 796 nnete,
666 740 738 802 Juvat.

122 798 166 846 lile
177 817 237 849 meas
247 811 333 865 gentes,
346 812 369 850 et
380 802 457 851 Celtas
467 807 525 850 rexit
537 803 628 861 Iberos3

155 864 206 912 Nec
216 867 258 914 fuit
269 871 291 917 in
303 876 380 916 nostro
390 870 471 914 certior
481 869 534 914 orbe
545 868 606 916 tides·

122 929 198 992 Major
209 947 245 978 me
256 941 318 979 tsnto
329 934 452 980 reverentia
461 935 535 979 turbat
544 950 551 990 ;
568 941 591 980 et
601 947 666 980 aures

155 993 209 1042 Non
221 997 333 1051 auditoris,
340 999 422 1059 judicis
432 1013 482 1044 esse
492 1007 554 1058 puto.

312 1129 352 1173 53.
368 1129 399 1174 Ιπ
415 1128 535 1176 Umbrum.

124 1253 209 1300 Omnia
218 1257 298 1303 misisti
308 1259 361 1302 mihi
374 1258 533 1313 Saturnalibus,
545 1257 638 1313 Umber,

156 1319 261 1375 Munera,
272 1322 413 1367 contulerant
423 1339 472 1382 quse
484 1324 522 1368 tibi
533 1323 631 1382 quinque
641 1322 703 1381 dien

124 1381 166 1429 Bis
178 1399 244 1430 senos
254 1386 357 1446 triplices,
369 1393 392 1432 et
402 1386 545 1448 dentiscalpia
555 1393 653 1448 septem:

159 1447 205 1494 His
215 1464 290 1496 comes
302 1452 394 1497 accessit
405 1453 504 1512 spongia,
516 1465 601 1512 mappa,
613 1451 683 1507 caiix3

125 1511 288 1574 Semodiusque
298 1513 354 1560 [abae
365 1531 415 1561 cum
426 1517 509 1562 vimine
521 1514 661 1570 Picenarum,

157 1577 191 1623 Et
202 1577 317 1624 Laletanae
328 1579 392 1640 nigra
401 1580 482 1641 ingens
491 1595 563 1642 sepse:

126 1640 245 1702 Parvaque
255 1659 305 1688 cum
318 1645 378 1689 canis
389 1652 499 1690 venerunt
509 1651 602 1690 coctana
611 1643 695 1705 prunis,

159 1705 192 1752 Et
203 1704 296 1767 Libycae
307 1707 342 1752 tici
353 1709 452 1769 pondere
461 1717 519 1756 testu
528 1709 612 1770 gravis.

126 1769 176 1816 Vix
187 1778 241 1832 puto
251 1771 343 1833 triginta
354 1787 495 1819 nummorum
507 1780 554 1819 tnta
563 1772 633 1820 fuisse

160 1834 265 1891 Munera,
277 1851 327 1896 quae
337 1838 432 1898 grandes
443 1846 495 1883 octo
505 1835 577 1884 tuldre
589 1837 647 1898 Syri.

127 1899 221 1954 Quanto
232 1901 371 1947 commodius
381 1903 443 1948 nullo
453 1903 507 1947 mihi
518 1902 576 1948 serre
586 1901 661 1948 labore

161 1963 258 2026 Argenti
269 1967 341 2028 potuit
351 1967 449 2027 pondera
459 1967 556 2028 quinque
566 1965 635 2028 puer!

321 2099 359 2146 54.
375 2097 408 2142 In
420 2097 583 2161 anidimum.

130 2221 224 2283 Semper
234 2238 301 2268 mane
311 2223 365 2270 mihi
376 2225 404 2270 de
414 2239 450 2270 me
461 2239 523 2272 mera
533 2223 621 2276 somnia¹
629 2235 711 2275 narras,

164 2285 224 2340 Quae
234 2295 341 2334 moveant
351 2289 456 2342 animum,
468 2289 630 2347 sollicitentque
640 2301 722 2332 meum.

129 2349 184 2398 Jam
195 2352 256 2412 prior
266 2352 296 2398 ed
303 2352 390 2406 faecem,
402 2354 441 2399 sed
452 2361 475 2399 et
485 2355 534 2398 haec
545 2351 658 2398 vindemia
667 2351 745 2408 venit;

164 2414 253 2462 Exorat
262 2423 340 2462 noctes
351 2418 403 2463 dum
414 2419 468 2462 mihi
479 2431 535 2477 saga
544 2424 601 2463 tuas.

34 2484 37 2492 “
133 2477 256 2528 consumet
267 2481 380 2542 salsasque
390 2481 467 2536 molas,
480 2487 503 2528 et
513 2481 584 2527 thuris
595 2495 697 2526 aceruos:

165 2542 296 2590 Decrevere
306 2561 394 2607 greges,
407 2541 459 2591 dum
471 2545 529 2592 cedit
540 2559 599 2606 agna
609 2543 731 2610 frequens.=

133 2607 189 2655 Non
200 2623 287 2670 porcus,
298 2625 345 2656 non
356 2612 424 2656 cortis
436 2625 495 2664 aves,
507 2625 553 2655 non
565 2617 607 2655 ova
618 2613 744 2669 supersunt.

166 2672 216 2720 Aut
226 2674 302 2736 vigile,
314 2681 353 2722 aut
363 2676 441 2731 dormi,
454 2672 583 2730 Nasidiene,
595 2671 642 2719 tibi.
