1922 2916
225 91 520 146 EPIGRAMMATUM
535 93 588 144 Lu.
601 93 674 148 vm
733 98 780 148 1⁹5

118 220 216 270 inferior
226 231 329 272 matrona
340 239 381 272 auo
392 225 428 280 eit,
440 223 524 281 Prinna,
536 225 631 274 marito:

150 287 206 338 Nou
217 289 281 337 aliter
290 289 373 338 fuerint
382 290 465 340 semina
474 291 553 367 uirque
561 305 634 354 parea.

280 422 317 468 le.
332 421 372 468 Aa
386 420 559 480 cummanum.

118 547 195 595 Morio
207 548 350 602 dininaerat:
369 549 450 612 viginti
460 549 557 598 millinu
567 551 619 598 enni.

118 669 122 674 .
150 611 230 660 Redde
240 615 294 660 mihi
305 629 416 669 nummos,
429 614 576 675 Gargilianez
596 615 659 678 sapia

281 749 317 792 14.
334 747 367 796 In
376 747 490 794 crudelem
503 745 621 792 Amicum.

119 871 207 920 Pallida
218 889 246 920 ne
258 870 355 921 Cilicum
367 875 460 922 timeant
471 875 570 936 pomaria
580 874 688 930 brunam,

150 935 258 990 Mordeat
268 945 291 984 et
302 946 404 986 tenerum
414 938 494 986 sortior
505 954 558 986 eura
569 954 657 994 nemun,

118 1001 228 1049 Hibernis
240 1003 325 1064 objectu
337 1003 405 1050 Nuria
417 1005 620 1065 speculationum

92 1061 96 1069 ¹
152 1067 282 1119 Admittunt
293 1069 358 1123 solea,
370 1075 393 1116 et
404 1069 452 1116 aine
462 1069 518 1118 faeoe
529 1069 595 1116 diam.

118 1131 152 1178 At
163 1132 217 1178 mihi
229 1133 284 1180 ceila
294 1134 365 1187 datur,
381 1149 426 1180 non
437 1131 485 1180 tobi
497 1134 571 1181 cinara
581 1131 686 1191 senensi.

151 1194 180 1242 In
191 1193 236 1256 qui
247 1212 288 1242 nec
299 1197 385 1246 Borean
396 1199 444 1259 ipae
454 1213 545 1246 manere
555 1197 617 1246 volit.

119 1261 157 1308 sic
168 1260 338 1322 habitarejubea
349 1271 448 1309 veterem
460 1264 555 1310 crudelia
566 1263 683 1312 auricomi

150 1324 245 1376 Arboris
255 1343 311 1388 ergo
323 1335 368 1374 tuae
380 1328 449 1376 tutior
460 1329 541 1390 hnapee
553 1343 600 1376 ero.

281 1431 320 1505 15.ι
335 1459 375 1506 Au
385 1459 559 1506 Domitianum.

119 1585 185 1634 Dum
197 1601 257 1634 nova
267 1587 392 1635 Pannonici
404 1595 506 1634 narratur
517 1588 589 1650 gloria
599 1587 658 1643 belii,

153 1651 235 1698 Omnis
246 1660 269 1698 et
280 1653 307 1698 ad
319 1653 422 1698 reducem
434 1653 487 1698 dnm
498 1653 548 1700 litat
559 1668 597 1699 ara
608 1652 707 1710 Jorenr3

119 1715 170 1765 Dat
180 1717 282 1779 populus,
295 1717 332 1763 dat
343 1725 421 1778 gratus
433 1732 507 1777 eques,
519 1718 557 1764 dat
567 1719 633 1764 thura
644 1722 753 1774 senatun

152 1781 185 1828 Et
195 1783 265 1828 libant
277 1781 349 1828 Latiae
360 1782 425 1828 tertio
437 1782 495 1828 dona
507 1783 575 1829 tribue
581 1798 590 1840 ;

119 1845 174 1894 Hoa
185 1862 274 1908 qnoque
285 1855 382 1892 secretos
394 1847 525 1892 memorabit
537 1847 613 1893 Roma
623 1845 759 1910 triumphem

153 1911 204 1958 Nec
216 1913 289 1957 minor
299 1912 342 1958 iata
353 1919 398 1958 tuae
409 1911 485 1957 laurea
495 1913 555 1973 paria
566 1912 615 1966 erit,

120 1975 191 2030 Quod
202 1977 241 2022 tibi
252 1977 279 2022 de
291 1974 368 2023 sancti
379 1977 450 2024 credie
461 1977 544 2038 pietate
553 1985 651 2024 tunnam.

153 2039 263 2104 Principia
275 2049 310 2088 eet
321 2042 392 2088 virtue
400 2041 498 2088 maxima
509 2040 575 2090 ntiaae
586 2056 646 2089 auor.

317 2176 354 2220 16.
370 2175 401 2220 In
414 2175 533 2234 Cipermm.

188 2300 264 2348 Pistor
274 2301 312 2362 qui
324 2299 397 2347 rueras
409 2302 452 2356 diu,
466 2299 554 2365 (lipare,

187 2365 257 2412 Nune
268 2381 346 2414 causae
357 2367 412 2428 agia,
425 2375 447 2414 et
458 2367 544 2414 ducena
554 2363 648 2426 quaeris:

189 2431 234 2478 s'ed
245 2432 365 2485 consumis,
377 2439 400 2477 et
411 2445 481 2492 usque
491 2432 607 2478 mutuaris.

189 2495 214 2542 A
223 2497 313 2557 pistore,
327 2495 415 2557 cipere,
428 2511 474 2543 non
485 2497 584 2542 raeediar

190 2559 224 2608 Et
234 2575 315 2624 panem
324 2561 388 2618 sanie,
399 2568 422 2608 et
433 2561 488 2620 senia
497 2559 599 2608 farinam.
