1864 2922
137 127 189 171 510
296 127 299 138 '
377 115 572 198 MARTIALts

170 252 303 302 Adscendet
313 249 353 298 itta
362 252 467 305 basiator,
480 258 547 311 atque
557 247 608 298 tut:

172 319 346 367 Febricitantem
357 317 457 370 basiabit,
470 325 492 361 et
503 315 614 374 flentem

171 383 243 431 Dabit
254 383 358 430 oscitanti
370 383 464 436 basium,
477 381 622 442 natantique3

95 491 97 499 ,
171 449 243 496 Dabit
253 457 276 494 et
287 448 380 493 cacanti.
409 446 545 492 Remedium
557 447 610 492 mali
621 444 694 494 solum
706 453 750 502 est,
813 455 817 458 '

172 513 253 560 Facias
264 513 369 566 amicum,
380 513 467 558 basiare
477 525 544 572 quern
556 511 623 558 nolis.

333 645 373 689 99.
389 641 422 687 In
434 640 551 686 Lesbiam.

140 769 180 818 De
191 769 297 818 cathedrl
307 772 396 832 quoties
408 771 488 832 surgis,
496 771 545 834 jam
557 785 619 832 saepe
629 769 713 828 notavi,

174 835 292 883 Paedicant
302 837 413 890 miseram,
427 835 516 890 Lesbia,
523 849 551 901 ¹te
562 837 655 884 tunicae.

142 900 208 955 Quas
219 917 271 947 cum
283 909 363 948 conata
375 917 399 948 es
410 899 496 956 dextri,
509 909 590 948 conata
601 898 692 949 sinistri

173 965 272 1021 Vellere,
284 982 335 1013 cum
346 967 452 1027 lacrymis
464 967 551 1020 eximis,
563 975 586 1012 et
596 968 700 1028 gemitu,

142 1031 180 1078 Sic
192 1033 379 1094 constringuntur
389 1031 482 1094 gemini
494 1032 647 1094 Symplegade
658 1033 709 1088 culi,

173 1095 207 1142 Et
219 1096 313 1158 Minyas
324 1099 416 1150 intrant,
429 1095 579 1158 Cyaneasque
590 1105 661 1144 nates.

142 1159 272 1210 Emendare
283 1163 345 1224 cupis
357 1163 437 1209 vitium
449 1161 567 1209 deforme?
585 1151 683 1209 docebo:

174 1225 263 1283 lesbia,
275 1242 319 1275 nec
332 1231 420 1292 surgas,
432 1241 521 1282 censeo,
533 1241 576 1274 nec
587 1227 672 1276 sedeas
685 1225 689 1233 ’

338 1356 393 1400 100.
409 1353 450 1400 Ad
462 1354 588 1400 Flaccum.

175 1480 268 1529 Habere
280 1485 374 1530 amicam
386 1483 447 1536 nolo,
460 1481 549 1536 Flacce,
561 1481 671 1538 subtilem,

176 1545 249 1609 Cujus
260 1548 357 1594 lacertos
368 1549 445 1594 annuli
456 1549 500 1593 mei
512 1548 613 1609 cingant,

175 1611 238 1666 Quae
248 1613 315 1659 clune
325 1613 387 1658 nudo
398 1613 468 1666 radat,
480 1619 575 1673 et'genu
586 1619 687 1675 pamm

176 1675 222 1725 Cui
234 1693 295 1724 serra
307 1677 396 1733 lumbis,
408 1679 483 1740 cuspis
494 1679 579 1723 eminet
590 1677 650 1724 culn·
664 1683 667 1692 ’

176 1741 222 1788 Sed
233 1743 292 1788 idem
305 1744 399 1789 amicam
411 1743 465 1788 noio
476 1742 539 1788 mille
550 1742 665 1790 librarum.

177 1805 300 1854 Carnarius
313 1819 369 1865 sum,
381 1808 521 1870 pinguiarius
533 1822 579 1854 non
592 1819 649 1858 sum.

339 1939 394 1983 101.
411 1937 452 1984 Ad
463 1937 590 1984 Flaccum.

143 2064 234 2113 Thaida
245 2072 292 2114 tam
303 2072 394 2112 tenuem
406 2067 505 2127 potuisti,
518 2065 608 2121 Flacca,
619 2063 715 2113 ridere?

77 2147 81 2158 ·
175 2129 220 2187 Tu,
232 2138 294 2194 puto,
307 2132 367 2192 quod
379 2145 425 2178 non
436 2139 478 2188 est,
491 2131 581 2188 Flacce,
592 2131 670 2178 videre
680 2137 754 2194 potet·

339 2262 393 2305 102.
409 2259 442 2306 In
453 2253 568 2320 Lydiam.

144 2385 200 2432 Non
212 2392 247 2432 est
258 2389 373 2442 mentitus,
385 2387 422 2448 qui
434 2395 458 2434 te
468 2389 524 2434 mibi
536 2388 594 2434 dixit
605 2387 687 2434 habere
766 2389 769 2396 ’

177 2449 311 2498 Fennosam
322 2465 419 2506 carnem,
432 2451 515 2514 Lydia,
527 2465 574 2498 non
585 2451 676 2498 faciem.

144 2511 189 2559 Est
200 2515 237 2567 ita,
250 2515 269 2560 si
281 2521 361 2570 taceas,
374 2518 426 2562 etsi
439 2524 485 2562 tarn
497 2524 561 2564 muta
573 2517 698 2570 recumbas,

178 2575 254 2629 Quam
266 2577 316 2623 silet
328 2580 351 2624 in
363 2579 414 2625 cerd
424 2581 508 2636 vultus,
522 2589 545 2628 et
556 2582 583 2627 in·
592 2579 676 2628 tabuit.

145 2639 190 2685 Sed
201 2641 288 2702 quoties
299 2642 405 2702 loquan's,
416 2659 507 2692 eamear
519 2659 617 2708 quoque,
630 2645 714 2707 Lym,
730 2645 829 2709 perdis,
