1922 2916
254 119 549 173 EPIGRAMMATUM
564 119 618 168 Lu.
627 117 659 166 V.
739 119 787 165 117

124 251 217 303 Gaudet
226 257 335 304 honorato
346 253 386 300 sed
396 251 481 299 mriltus
491 251 582 298 nomine
592 249 670 304 lector,

158 321 203 372 Cui
214 323 301 368 victura
311 335 362 366 meo
372 331 466 364 munere
477 315 536 362 fumo
546 316 617 362 datur.

125 389 269 446 Qnidtamen
275 386 325 431 lraee
332 389 432 446 prosunt,
441 381 543 442 quamvis
550 378 680 428 momentis
687 374 786 424 multas?

158 453 213 500 Non
224 451 312 513 prosint
323 463 392 496 sane:
411 462 449 494 me
459 454 535 492 minen
546 445 589 492 ista
595 445 686 505 juvant.

267 599 269 606 ,
320 581 358 624 16.
373 577 413 623 Aa
424 577 553 623 aecem

126 709 190 758 Seria
200 723 251 754 cum
262 707 353 768 possin,
368 705 429 766 qnod
439 703 572 750 delectantia
582 701 657 750 malim
674 723 677 732 v

160 773 268 824 Scribere,
279 778 305 817 'tu
316 785 383 818 causa
392 785 424 824 es,
435 769 506 816 lector
516 768 593 821 amice,
604 767 666 822 milri,

126 838 174 894 Qui
184 837 250 899 legis,
261 843 285 882 et
295 834 343 882 tort
353 843 430 882 mutas
441 833 600 880 moecenatina
609 829 692 878 Romi.
785 839 789 850 '

161 901 206 950 Sed
217 901 296 954 nescis,
308 901 384 960 quanti
396 906 440 946 stet
450 899 504 944 mihi
516 897 566 944 tulis
576 909 646 942 emor.

127 967 191 1015 Nam
202 967 221 1012 si
231 964 323 1012 falciferi
334 964 453 1010 defendere
463 963 546 1022 templa
556 960 675 1016 Tonantis,

163 1031 313 1090 Sollicitisque
324 1029 390 1076 velim
401 1028 499 1074 vendere
509 1027 576 1073 verba
586 1025 646 1082 reis}

128 1097 243 1145 Plurimus
255 1094 370 1156 Hispanas
380 1093 455 1140 mittet
465 1092 518 1138 milri
530 1098 597 1138 nanta
607 1096 720 1144 meret*

161 1161 194 1208 Et
204 1159 242 1206 flet
253 1160 315 1206 vario
326 1158 428 1206 sordidus
438 1171 483 1203 rere
494 1157 561 1204 sinus.

128 1225 163 1274 At
174 1241 234 1271 nunc
244 1224 340 1270 consina
350 1229 390 1275 est,
402 1222 576 1282 comissatorque
585 1219 690 1276 libellum
714 1225 720 1230 ”

162 1289 195 1336 Et
206 1296 292 1336 tantum
303 1289 374 1349 gratis
383 1287 467 1348 pagina
477 1291 552 1334 nonna
562 1285 641 1346 placet.
684 1319 686 1326 Α

52 1394 55 1401 .
67 1353 70 1361 “
130 1355 176 1403 seu
188 1368 233 1400 non
244 1355 285 1400 hac
296 1360 384 1398 veteres
395 1351 494 1398 contenti
504 1349 569 1396 laude
578 1349 675 1404 fuerunt,

165 1417 225 1466 Cum
237 1417 354 1464 minimum
365 1416 410 1462 vati
422 1429 504 1468 munus
515 1415 595 1462 Alexis
606 1420 661 1460 erat.

130 1483 202 1538 Belle,
214 1483 293 1542 inquis,
305 1481 374 1528 dixti:
396 1481 449 1526 estu
460 1489 504 1526 est:
523 1479 662 1526 laudabimur
672 1491 749 1538 usqne.

164 1546 317 1594 Dissimulas?
334 1545 403 1592 facies
413 1559 456 1598 me,
469 1551 529 1606 puto,
541 1542 685 1590 causidicum.
753 1563 756 1568 ·

326 1679 364 1722 17.
379 1676 411 1722 In
425 1675 531 1722 Gelliam.

131 1810 196 1858 Dum
207 1822 309 1869 proavos,
321 1813 442 1864 atavosque
452 1802 528 1856 refers,
543 1807 567 1846 et
577 1799 668 1846 nomina
677 1809 775 1860 magm

165 1873 230 1920 Dum
241 1873 280 1918 tibi
291 1877 367 1916 noster
377 1883 446 1928 eques
457 1865 545 1912 sordida
555 1863 653 1910 conditio
663 1868 714 1920 est;

129 1927 197 1986 Dum
209 1946 232 1984 te
242 1951 307 1998 posse
318 1949 388 1996 negas
399 1933 442 1978 nisi
452 1931 504 1982 lato,
517 1929 598 1983 Gellia,
609 1929 673 1976 clavo

166 2002 274 2058 Nubere3
291 1998 392 2060 nupsisti,
405 1996 486 2051 Gellia,
498 1994 603 2041 cistifero.

328 2131 365 2173 18.
382 2127 422 2172 Au
436 2125 600 2178 Quintianum.

166 2261 236 2316 Quod
246 2259 285 2305 tibi
297 2255 419 2304 Decembri
430 2270 513 2308 mense,
525 2267 570 2313 quo
580 2251 659 2297 volant
669 2263 763 2312 mappa,

167 2325 312 2384 Gracilesque
322 2321 406 2382 ligulas
418 2319 526 2378 cereique,
538 2317 672 2375 curaeque,

165 2391 199 2438 Et
211 2397 275 2436 acuta
286 2387 374 2433 senibus
385 2390 443 2430 testa
453 2399 504 2428 cum
516 2380 672 2436 Damascenis,

168 2455 256 2503 Praeter
265 2451 352 2506 libellos
362 2449 467 2496 vernulas
478 2447 533 2492 nihil
543 2445 609 2502 misi;

167 2519 273 2568 Fortasse
284 2529 364 2563 avarus
374 2513 458 2567 videar,
469 2518 508 2558 aut
517 2511 660 2556 inhumanus.

168 2584 211 2632 Odi
223 2583 311 2630 dolosas
322 2592 440 2626 munemm
452 2583 476 2623 et
485 2575 555 2622 malas
567 2580 634 2620 artes.
