1922 2916
159 147 205 194 rsa
324 165 326 172 ,
396 105 589 189 Minurus

160 273 225 328 Quot
235 279 275 319 tus
285 269 361 318 Βοωα
371 287 442 319 novus
452 273 515 328 viuri,
528 269 669 326 Germanice,
681 269 752 334 tigres
756 287 765 330 ;

192 335 294 384 Delicias
303 338 376 398 potuit
387 352 429 383 nec
440 353 557 384 numerare
569 351 627 382 suus.

75 409 79 422 '
161 401 241 448 Vincit
252 401 385 462 Erythraeos
396 409 440 455 tua,
454 401 539 455 Caessr,
551 415 619 446 arena
628 400 759 468 triumphos,

195 465 229 512 Et
239 467 331 512 victoris
342 482 402 528 opes,
414 467 546 526 divitiasque
558 465 611 511 Dei.

164 530 226 578 Nam
237 545 288 576 eum
300 532 401 592 captivos
412 539 490 592 egeret
501 532 541 577 sub
552 529 651 576 curribus
663 527 739 585 Indos,

197 593 325 648 Contentus
335 594 427 658 gemini
437 597 519 657 tigride
529 595 633 642 Bacchus
644 600 698 641 eret.

356 729 395 774 27.
413 728 453 772 Ad
467 728 582 774 Gaurum.

164 853 264 902 Munera
274 840 311 916 tiu
323 856 362 900 tur
374 855 412 901 ‹ut
422 851 536 917 roeupreu,
549 855 632 909 Gaure,
645 855 743 916 senique,

198 920 223 967 Si
235 921 299 984 sepis,
312 927 335 966 et
347 921 422 975 sentis,
434 921 470 968 bie
482 920 521 967 tibi
532 919 578 966 titt
598 918 699 967 Morere

295 1049 333 1092 28.
349 1047 389 1092 De
400 1045 565 1094 Partheniand
576 1044 653 1106 Togi-

168 1173 222 1228 Dic,
234 1180 296 1235 toga,
306 1171 395 1220 fecundi
407 1181 497 1236 gratum
508 1175 563 1220 mibi
574 1189 656 1221 munus
667 1172 740 1230 amici,

196 1235 261 1285 'Esse
271 1237 328 1283 velis
338 1239 402 1300 quus
413 1239 472 1285 frma
483 1240 594 1300 decusque
605 1239 698 1302 gregis?

169 1303 260 1366 Appula
271 1301 349 1348 Ledaei
360 1304 399 1348 tibi
410 1303 487 1349 floruit
498 1305 564 1350 herba
577 1304 686 1357 Pbulanti
726 1331 730 1340 .

203 1367 257 1422 Qus
268 1373 352 1412 saturet
363 1365 465 1414 Calabris
475 1368 536 1414 culta
548 1369 644 1416 Galenus
656 1366 736 1429 aquis?

170 1433 209 1480 An
221 1430 381 1485 Tartesiacus,
394 1434 473 1479 stabuli
485 1433 581 1479 nutritor
593 1432 658 1488 Iberi,
672 1461 683 1482 s

136 1509 139 1516 ·
202 1496 276 1544 Baetis
287 1496 311 1540 in
324 1495 436 1558 Hesperii
446 1504 469 1544 te
480 1513 570 1558 quoque
580 1499 636 1544 lavit
646 1497 708 1556 ove?

172 1563 211 1610 An
222 1571 261 1608 tus
271 1561 405 1608 multifidum
417 1563 543 1608 numeravit
553 1563 605 1609 luna
615 1561 742 1618 limarum,

205 1626 279 1681 Quem
291 1627 352 1686 prius
364 1626 466 1673 astrifero
478 1625 583 1687 Cyllarus
595 1642 633 1673 ore
644 1626 716 1674 bibit?

152 1691 161 1701 “
171 1689 208 1738 Te
219 1706 261 1737 nec
273 1689 393 1751 Amyclaeo
405 1693 478 1738 decuit
489 1692 559 1739 livere
570 1707 671 1749 veneno;

206 1754 258 1802 Nec
269 1755 365 1802 Miletus
376 1765 423 1802 erat
434 1757 517 1803 vellere
527 1757 597 1818 digna
607 1764 654 1803 tuo.

174 1819 234 1868 Lilia
244 1827 270 1866 tu
280 1821 358 1874 vincis,
371 1837 412 1868 nec
423 1821 495 1868 adhuc
506 1822 596 1882 delapsa
607 1822 708 1883 ligustra,

205 1884 238 1931 Et
249 1883 368 1930 Tiburtino
379 1895 457 1932 monte
467 1887 526 1946 quod
537 1887 596 1932 albet
606 1887 667 1933 ebur.

176 1949 301 2010 Spartanus
311 1949 349 1994 tibi
361 1951 425 1996 cedet
436 1951 490 2004 olor,
503 1950 639 2012 Papbiaeque
650 1950 776 2007 columboe3

207 2011 279 2061 Cedet
290 2012 417 2074 Erythraeis
428 2024 491 2061 eruta
502 2031 593 2076 gemma
603 2016 673 2062 vedis.

175 2077 221 2127 Sed
231 2077 284 2124 licet
295 2079 344 2124 haec
355 2079 432 2140 primis
444 2080 530 2126 nivibus
542 2081 586 2128 sint
598 2080 680 2126 aemuls
690 2081 755 2135 dour.

207 2141 264 2189 Non
275 2149 328 2189 sunt
340 2141 461 2190 Parthenio
473 2145 600 2190 candidiora
611 2160 659 2191 suo.

175 2207 232 2255 Non
243 2223 287 2270 ego
298 2207 434 2270 praetulerim
446 2208 584 2269 Babylonica
594 2210 654 2271 piets
664 2209 758 2272 superbe

208 2270 290 2328 Texta,
302 2271 435 2320 semiramia
445 2289 495 2334 quae
506 2274 620 2320 varimtur
630 2288 679 2321 seu.

177 2335 233 2383 Non
245 2337 397 2384 Athamanteo
407 2338 482 2399 potius
493 2353 529 2384 me
539 2339 607 2384 mirer
617 2339 641 2383 in
652 2352 713 2394 suro,

210 2399 313 2446 AEolium
324 2402 394 2448 dones
405 2402 424 2448 si
435 2402 496 2456 mibi,
509 2401 606 2462 Pbryxe,
618 2417 693 2464 pecus.

176 2462 200 2510 0
211 2471 307 2524 quantos
317 2465 375 2512 risus
385 2467 468 2527 puriter
478 2473 577 2528 spectate
587 2467 686 2514 movebit

209 2525 276 2576 Trite
286 2527 390 2577 Palatini
400 2536 478 2579 nostra
487 2531 577 2580 lacerus
587 2527 653 2596 logi!
