1916 2918
167 109 216 158 ns
404 79 598 159 renarrans

233 235 278 290 Sic,
290 242 313 283 et
325 249 376 283 oum
388 235 468 286 recitas
478 243 531 285 tans
540 235 634 290 labellos,

232 299 265 347 Et
276 315 367 348 causam
377 301 466 360 quoties
477 302 527 362 agis
537 301 632 355 clientis.

232 363 298 418 0ras,
311 365 405 420 Gallice,
414 381 458 418 me,
470 381 581 427 rogasque
591 381 685 427 semper.

231 429 323 476 Duram
335 437 370 476 est
381 445 418 476 me
427 431 475 485 tibi,
486 431 546 492 qaod
555 432 620 491 peu's,
632 431 723 493 rreg'are.

185 520 188 530 ν
232 493 295 541 Vero
303 495 379 548 verius
390 510 445 557 ergo
455 496 517 556 quod
528 497 563 549 sir,
575 497 641 544 audi:

232 558 327 614 Verum,
340 560 437 615 Gallice,
449 575 495 609 non
505 561 600 610 libenter
611 561 681 611 audit·

359 691 398 738 77.
415 671 455 734 Ad
464 689 580 743 Liberam
593 689 712 739 Araricum.

168 818 243 874 Lmen
255 819 378 867 amicorum
389 818 518 868 dulcissime
528 833 583 868 cusa
594 826 691 875 tuorum,

199 883 274 938 Liber,
285 885 309 930 in
321 882 406 929 aetema
416 884 494 930 vivere
503 884 572 945 digne
583 883 648 940 τοεῖις

167 949 191 996 si
204 951 270 1010 sepia,
282 949 378 1009 Assyn'o
389 963 477 1010 semper
487 950 527 996 nbi
538 948 606 994 erinis
616 963 707 996 amomo
787 953 790 958 '

199 1015 326 1076 Splendeat,
337 1021 361 1060 ea
370 1014 463 1076 cingant
474 1013 544 1061 florea
555 1020 615 1060 serta
625 1020 700 1075 caput.

167 1077 269 1130 Candida
280 1079 409 1139 nigrescant
419 1078 496 1124 vetulo
506 1078 611 1138 crystalla
621 1077 735 1136 Falemo;

199 1143 232 1190 Et
243 1144 313 1190 caleat
323 1144 404 1190 blando
413 1141 488 1190 mollis
498 1157 575 1192 amore
586 1150 656 1192 torus.

167 1208 213 1264 Qni
226 1209 257 1255 sic
268 1209 306 1254 vel
316 1209 390 1254 medio
400 1207 477 1253 finitus
487 1209 546 1253 vixit
555 1209 579 1254 in
590 1224 647 1261 aevo,

197 1272 302 1335 Longior
312 1273 363 1320 huie
373 1271 433 1320 sacra
441 1280 482 1328 sss,
493 1287 561 1332 quem
572 1273 625 1322 dns
634 1274 682 1323 vita
690 1272 741 1322 ran.

357 1401 396 1448 78.
411 1399 540 1457 DeLsrdr's
551 1401 634 1448 Stella.

165 1526 230 1582 Quos
242 1532 333 1589 saperet
345 1524 466 1588 Panaca
476 1541 530 1574 suos
540 1528 634 1578 victoria
641 1527 714 1583 ludos

197 1591 275 1638 Indica
286 1608 343 1653 quos
354 1601 446 1653 cuperet
455 1608 544 1654 pompa,
557 1591 636 1652 Lyaee,
646 1599 706 1646 tuos,

164 1657 229 1708 mat
241 1656 385 1718 Hyperborei
397 1657 520 1704 celebrator
532 1658 603 1704 saeris
614 1657 734 1718 triumphis

196 1721 217 1770 Ο
228 1720 315 1784 pudor!
334 1721 444 1782 opietas!
463 1729 486 1768 et
497 1729 561 1783 putat
569 1737 622 1768 esse
632 1737 719 1783 parum.

162 1785 219 1834 Non
231 1787 263 1834 illi
275 1787 329 1834 satis
340 1794 375 1832 est
386 1787 473 1834 turbato
485 1788 588 1834 sordidus
598 1802 653 1834 auro

195 1851 305 1905 Hermus,
316 1859 339 1898 et
351 1851 464 1912 Hesperio
475 1853 513 1914 qui
524 1859 591 1900 sonat
601 1852 655 1898 orbe
665 1850 753 1914 Tagas-

129 1943 132 1958 ·
164 1915 246 1964 Omnis
256 1917 323 1964 habet
333 1932 374 1964 sna
384 1917 443 1964 dona
453 1918 501 1964 dies
510 1934 517 1973 ;
535 1932 577 1964 nec
588 1917 647 1964 linea
657 1917 721 1964 dives

195 1980 290 2038 Cessat3
308 1988 331 2026 et
342 1982 365 2026 in
376 1981 483 2043 populum
494 1983 565 2030 multa
575 1983 652 2043 rapina
661 1982 728 2028 eadit.

163 2045 233 2094 Nunc
245 2047 339 2093 veniunt
350 2047 427 2094 subitis
437 2047 521 2094 lascive
531 2048 666 2094 numismata
676 2046 768 2096 mmbiar

195 2111 264 2158 Nunc
276 2111 313 2158 dat
325 2119 436 2172 spectatas
447 2120 533 2158 tessera
543 2113 607 2173 rsrge
617 2111 683 2158 feras.

162 2175 232 2224 Nunc
242 2177 334 2238 implere
342 2177 405 2222 sinus
416 2191 506 2224 securos
517 2178 608 2238 gaudet,
620 2185 643 2224 et
654 2178 734 2224 absens

95 2275 100 2282 .
195 2241 292 2287 Sortitur
303 2242 412 2295 dominos.
424 2257 453 2288 ne
464 2243 579 2296 laceretur,
592 2243 650 2288 avin‘

163 2304 224 2358 Quid
236 2321 351 2351 numerem
363 2322 447 2360 currus,
459 2308 594 2367 terdenaque
604 2305 697 2367 praemia
707 2306 797 2368 palmae,

196 2369 255 2422 Quae
267 2370 319 2415 dare
330 2375 376 2416 non
388 2386 475 2432 semper
486 2371 565 2419 consul
578 2379 671 2430 uterque
683 2371 757 2416 solet?

162 2431 247 2479 Omnia
258 2433 303 2486 sed,
316 2432 400 2488 caesar.
414 2443 477 2482 tanto
489 2443 622 2496 superantur
633 2436 724 2490 honore,

194 2496 264 2550 Quod
274 2505 422 2558 spectatorem
434 2507 457 2548 te
467 2507 507 2552 tarn
516 2501 592 2548 laurus
603 2500 676 2550 habet,
