1916 2918
256 107 552 158 EPIGRAMMATUM
569 111 621 158 Lm.
633 111 666 159 Χ.
736 117 790 163 1279

293 360 296 365 ¹
311 309 354 364 96„
367 305 407 351 Au
419 305 523 352 Avitum.

116 434 184 496 Suspe
194 433 273 494 loquer
284 433 378 480 nimium
389 441 470 496 gentes
481 434 547 494 quod.
560 435 635 489 unte,
649 441 754 494 remotes,
790 465 794 472 -

150 495 249 554 Miraris,
261 496 329 546 Laut
338 499 411 546 lectus
422 500 446 546 in
457 501 511 546 urbe
523 514 609 556 senex3
708 527 710 532 ,

116 561 292 624 Auriferumque
303 562 395 624 Tagum
408 565 488 616 sitium,
500 565 639 623 patriumque
652 565 765 621 Salonem,

149 627 182 673 Et
192 636 291 690 repetem
303 635 386 676 sature
398 628 487 674 sordide
497 643 549 674 rure
560 643 626 675 ουτ.

116 689 161 738 Illa
172 693 245 754 placet
255 691 329 747 tellus,
341 694 364 737 in
376 692 421 752 qui
432 709 468 738 res
479 708 549 754 parva
559 694 648 739 beatum

148 756 191 804 Me
202 756 262 812 facit,
274 765 297 804 et
309 763 387 804 tenues
398 757 539 804 luxuriantur
549 773 611 818 opes.

117 820 224 868 Poscitur
236 823 279 876 hio,
290 823 320 868 ibi
332 823 408 882 puscit,
421 838 488 883 eger:
508 831 569 883 tepet
580 823 634 884 igne
644 824 748 886 maligno

150 885 197 933 ch
208 886 285 943 locus3
301 887 388 948 ingenti
400 888 484 934 lumine
495 887 556 934 lucet
566 887 603 932 ibi.

118 949 166 996 Hic
177 953 274 1012 pretioso
285 952 362 1006 semes,
375 953 563 1012 conturbatorque
573 951 695 1009 macellum

150 1015 234 1062 Mensa
245 1017 274 1062 ibi
286 1017 369 1064 divitiis
381 1019 438 1064 ruris
450 1027 528 1079 opertu
539 1018 581 1062 sui.

120 1079 236 1134 Quattuor
247 1082 283 1126 hio
295 1090 375 1130 testate
386 1091 453 1143 togae,
465 1083 569 1144 pluresve
580 1087 699 1139 teruntur;

148 1146 285 1192 Auctumois
296 1147 324 1192 lbi
336 1163 373 1193 me
383 1156 489 1207 quattuor
500 1162 545 1193 una
556 1149 620 1208 tegit.

116 1208 137 1265 1,
149 1211 198 1256 cole
209 1225 269 1257 nuno
280 1227 362 1272 regen
379 1212 485 1272 quidquid
496 1227 542 1258 non
552 1218 644 1272 praestat
655 1212 747 1267 amicus,

150 1273 211 1323 Cum
221 1284 330 1337 praestere
342 1277 381 1322 ubi
392 1279 470 1338 possit,
484 1277 558 1331 Asine,
570 1277 641 1323 locus.

311 1409 350 1454 97.
365 1407 404 1452 De
416 1405 510 1454 Numd.

116 1532 182 1581 Durn
193 1535 251 1582 levis
261 1533 339 1582 ersunl
350 1536 443 1582 struitur
455 1535 555 1582 Libitina
565 1549 657 1596 papyro,

147 1599 211 1646 Dum
222 1601 336 1661 myrrham
348 1608 371 1646 et
382 1601 464 1646 casiam
476 1599 555 1646 flebilis
566 1614 624 1646 uxor
638 1599 709 1656 emit5

115 1663 169 1713 Jum
181 1665 264 1719 scrobe,
272 1666 321 1726 jem
333 1665 399 1719 lecto,
406 1667 455 1726 jem
466 1663 599 1726 pollinctore
609 1671 695 1725 parato,

148 1727 272 1777 Haeredem
285 1730 375 1792 scripsit
386 1745 422 1775 rne
434 1728 525 1776 Numa:
545 1727 666 1776 convaluit.

303 1862 347 1932 Ι98.
363 1861 396 1906 In
408 1859 529 1932 Publium.

180 1985 257 2032 Addat
268 2001 319 2034 oum
330 1987 385 2032 mihi
398 1985 522 2034 Caecubum
533 1984 636 2032 minister

179 2049 243 2097 Idaeo
255 2051 373 2097 resolutior
384 2051 477 2105 cinaedo,

180 2114 234 2168 Quo
245 2130 288 2162 nec
298 2114 344 2162 llllt
355 2115 444 2169 cultior,
457 2131 499 2162 nec
511 2129 581 2169 uxor„

178 2178 230 2227 Nec
241 2185 313 2226 mater
323 2187 368 2234 tus,
381 2195 423 2226 nec
435 2195 499 2226 soror
510 2177 633 2234 recumbit3

178 2243 222 2292 Vis
234 2251 332 2307 spectem
343 2246 418 2306 potius
429 2251 479 2292 tuas
490 2244 597 2297 licernes,

177 2307 211 2356 Et
222 2311 303 2365 citrsun
314 2318 387 2365 vetus,
400 2307 534 2369 Indicosque
545 2305 643 2354 dentes?

178 2373 302 2436 Suspectus
312 2375 353 2422 tibi
364 2390 393 2422 ue
405 2382 481 2422 temen
492 2374 627 2426 recumbam.

178 2437 267 2488 Pressa
278 2441 306 2488 de
316 2455 394 2502 grege,
407 2437 539 2498 sordidtque
550 2434 604 2483 villrl
622 2461 626 2468 ·

106 2507 111 2513 “
177 2501 276 2560 Tonsos,
288 2505 420 2558 horridulus,
433 2505 506 2558 rudes,
518 2502 612 2565 pusillos

177 2567 270 2616 Hircosi
281 2570 336 2616 mihi
347 2569 405 2616 tillos
416 2569 509 2616 subulci.

176 2632 260 2682 Perdet
272 2642 295 2682 te
305 2635 378 2698 pudor
389 2635 436 2682 hio:
456 2635 543 2689 hebere,
556 2630 629 2686 Publi.

174 2697 255 2749 Mores
266 2717 312 2748 non
322 2707 388 2764 potes
399 2701 447 2758 hos,
460 2706 483 2747 et
494 2701 535 2747 hos
546 2698 670 2745 ministros.
