1916 2918
206 120 209 126 “
239 109 535 190 EPIGRAMMATUM
551 113 604 164 Lrs.
617 119 649 164 X.
730 123 798 186 275,

255 347 258 354 .
303 311 343 354 82.
358 309 399 355 Ad
413 310 514 358 aarum

112 440 191 502 Siquid
199 440 277 486 'natta
287 439 332 488 tuis
343 440 410 486 adicit
420 443 511 488 vexatio
522 443 593 499 rebus,

145 505 221 560 Mane,
233 505 270 551 vel
281 521 294 551 a
304 504 377 550 medii
388 513 459 559 nocte,
472 514 563 567 togatus
574 525 628 566 ero;

110 569 359 630 Stridentesqueferam
371 569 436 614 flotus
449 571 567 630 Aquilonis
577 575 654 635 iniqui,

112 676 114 683 s
143 635 176 681 Et
186 637 256 696 patiar
268 635 361 684 nimbos,
373 635 527 695 excipiamque
538 637 608 684 nives

109 701 156 748 sed
167 701 185 746 si
197 716 242 746 non
253 698 294 744 fias
305 699 426 758 quadrante
438 700 522 746 beatior
533 717 585 756 uno,

142 764 188 812 Per
198 765 297 825 gemitus
308 771 402 816 nostros,
414 765 568 826 ingenuasque
579 781 673 826 cruces;

53 881 57 891 ἱ
109 829 188 884 Parce,
200 843 284 890 precor,
296 829 362 882 lasso,
374 834 488 888 vanosque
499 831 587 876 remitte
597 832 691 888 labores,

143 894 190 950 Qui
200 894 240 940 tibi
251 907 297 939 uon
308 901 407 954 prosunt,
420 901 443 940 et
454 895 514 950 mihi,
528 895 600 952 Galle,
613 907 700 945 nocent.

225 993 240 1000 Μ
301 1024 339 1066 85.
357 1020 397 1066 Ad
408 1023 541 1069 Marinum.

173 1151 248 1198 Raros
259 1149 345 1212 colligis
357 1150 408 1194 hinc
420 1155 442 1196 ei
453 1150 505 1196 binc
516 1152 613 1213 capillos,

172 1215 206 1264 Et
215 1215 285 1262 latum
297 1215 380 1268 nitidae,
393 1213 489 1269 Marine,
501 1216 572 1262 oalvae

171 1279 282 1342 Carnpum
293 1279 428 1340 temporibus
439 1281 498 1340 tegis
508 1283 614 1330 esinatis:

126 1373 129 1386 ,
172 1345 218 1392 Sed
228 1346 283 1391 moti
295 1345 387 1390 redeunt
394 1345 488 1403 jubente
498 1352 573 1401 vento,

171 1409 351 1468 Reddunturque
361 1407 408 1461 sibi,
421 1417 530 1469 caputque
541 1411 626 1457 nudum

172 1473 243 1523 Cirris
254 1475 374 1536 grandibus
385 1473 437 1518 binc
448 1481 471 1518 et
482 1474 533 1520 inde
543 1475 645 1536 rinmunt.

171 1539 234 1586 Inter
246 1539 437 1600 Spendophorum,
450 1536 662 1601 Telesphorumque,

171 1605 244 1664 Cydae
255 1613 314 1650 stare
325 1603 412 1664 putabis
425 1602 582 1652 Hemerotcu.

170 1669 214 1716 Vis
225 1675 250 1714 tu
261 1669 382 1728 simplicius
393 1681 469 1714 senem
481 1667 565 1714 fateri?

171 1728 208 1782 Ut
218 1735 307 1780 tandem
320 1733 413 1778 videaris
425 1747 483 1778 unus
494 1725 550 1786 esse,

170 1798 192 1844 T
192 1800 314 1860 onsorjam
326 1797 423 1856 reliquos
435 1793 504 1844 instat
515 1798 619 1860 capillos:

171 1863 244 1912 Calvo
254 1863 340 1925 turpius
351 1869 386 1908 est
397 1862 451 1908 nihil
463 1869 558 1909 comato.

187 1984 199 1996 '⁵
233 1994 272 2037 84.
288 1991 327 2038 De
338 1991 406 2055 Afro,
418 1992 450 2038 ad
461 1993 625 2040 Caedih'utrum.

105 2123 204 2177 Miraris,
216 2087 284 2182 quare
295 2122 413 2170 donnltum
425 2137 471 2169 non
481 2130 518 2170 eat
529 2123 606 2170 Afer?

137 2187 263 2236 Accumbat
273 2201 324 2233 eum
336 2187 387 2250 qui,
400 2187 614 2242 Ooeditianefvides.

233 2317 271 2364 85.
287 2316 328 2364 De
337 2319 452 2371 ¹Ladonis,
465 2317 559 2367 Noutd.

103 2450 156 2500 Jam
169 2447 243 2494 senior
253 2445 341 2501 Ladon,
352 2445 466 2493 Tiberinae
476 2449 644 2504 nautacsrinae,
668 2442 670 2448 ’

138 2511 246 2559 Proxima
256 2512 343 2558 dilectis
353 2526 406 2558 rura
415 2513 502 2572 potavit
513 2514 576 2574 aquis
585 2529 592 2570 ;

102 2577 164 2636 Qnae
175 2593 227 2628 cum
239 2591 299 2638 saepe
309 2591 381 2638 uagus
392 2585 503 2638 premeret
514 2578 650 2626 torrentibus
660 2577 725 2626 undis
