1922 2916
93 145 96 150 ·
175 128 224 177 sss
409 109 617 175 sinamus

172 255 237 312 Quid
246 251 320 302 iscire
331 255 384 302 msii
395 262 479 303 nostrae
490 258 536 313 tilii,
548 270 615 311 saeve,
626 256 729 313 mene,

204 319 296 367 Tollere
306 321 334 366 de
345 313 441 382 suspulis
452 335 507 382 quns
517 323 574 368 ls‘ois
585 337 639 369 sura
648 321 741 384 potest?

172 385 267 440 Quanto
279 385 406 446 simplicius,
419 394 502 446 quanto
513 394 548 432 est
558 388 677 434 humanius
687 388 754 442 istud,

205 449 288 497 Mense
298 450 335 496 vel
347 449 454 511 Augusto
466 465 554 497 sumere
564 452 697 514 gausapinas
707 451 713 500 !

267 581 306 624 60.
323 577 363 623 De
375 579 495 638 Pompilio,
506 581 538 626 ud
550 580 701 628 Faustinum.

172 705 232 753 Rem
243 704 326 752 laetam
338 705 463 768 Pompilius
473 707 545 762 habet,
557 706 679 756 Faustinos
698 709 794 773 legatum

204 770 237 818 Et
247 785 329 818 nomen
341 779 390 818 toto
401 780 492 833 sparget
503 773 526 818 in
538 774 592 820 orbe
603 789 686 832 suum;
755 787 758 794 ’

170 835 209 882 Sis
220 836 271 882 leva
281 835 391 882 flavonsm
402 837 475 882 voleat
486 853 559 900 genus
571 838 709 902 Usipiorum

202 899 311 961 Quisquis
321 908 345 946 st
356 901 484 948 Ausonium
496 917 542 949 non
554 911 614 950 amat
624 905 750 966 imperium.

169 963 293 1026 Ingeniosa
304 972 379 1012 tamen
391 965 496 1028 Pompilii
507 969 589 1030 scripta
599 967 718 1027 seruntur5

204 1029 249 1076 Sed
259 1030 327 1076 fsmae
338 1045 383 1076 non
394 1038 429 1077 est
440 1032 489 1086 hoe,
500 1033 554 1080 mihi
566 1032 637 1088 crede,
650 1035 712 1080 satis.

169 1093 247 1148 Quam
257 1095 323 1140 multi
334 1096 406 1140 tineas
416 1104 511 1157 pascunt
520 1098 646 1158 blattasque
656 1098 732 1145 diserti
742 1096 748 1146 l

202 1157 234 1204 Et
245 1159 357 1206 redimunt
368 1160 409 1205 soli
420 1161 518 1206 carmina
528 1161 594 1208 docta
604 1161 683 1223 coqui!

166 1221 252 1269 Nescio
262 1223 316 1284 qqid
326 1224 376 1284 plus
387 1233 428 1278 est,
440 1225 501 1284 qsod
511 1226 579 1272 donet
590 1228 673 1273 saeeuia
684 1227 782 1275 chartis:

200 1285 309 1333 Victurus
321 1289 420 1336 Genium
432 1289 497 1336 debet
507 1290 588 1337 habere
597 1291 659 1338 liber.

359 1397 397 1462 il.
414 1420 447 1464 In
457 1419 578 1466 Invidum.

166 1541 262 1600 Laudat,
274 1551 339 1600 amat,
352 1551 428 1592 cantat
438 1553 528 1593 nostros
539 1563 590 1594 mes
600 1547 676 1595 Roma
686 1549 789 1606 libellos3

197 1607 283 1669 Meque
294 1610 357 1656 sinus
367 1611 447 1664 omnis,
459 1625 496 1657 me
506 1625 587 1659 manus
598 1615 671 1660 omnis
682 1613 756 1661 habet.

165 1669 228 1720 Ecce
238 1674 302 1720 nibet
312 1675 409 1734 quidam,
420 1675 496 1736 psallet,
509 1683 591 1738 stupet,
603 1679 689 1733 oscitat,
701 1678 755 1726 odit·

195 1735 252 1785 Hoc
262 1739 330 1786 volo:
350 1753 410 1786 nunc
421 1741 485 1786 nobis
496 1741 595 1790 oannins
606 1749 683 1790 nostra
692 1743 789 1805 placent.

291 1911 294 1918 ,
355 1872 394 1914 62.
411 1869 451 1915 Aa
464 1870 607 1930 Oppiam.

226 1994 311 2042 Amisit
321 2002 384 2057 pater
395 1999 486 2044 unicum
499 1999 602 2046 Silanus:

226 2057 309 2108 Cessas
319 2061 408 2109 mittere
418 2077 519 2118 munera,
530 2063 653 2126 Oppisne?

225 2121 281 2171 Heu
292 2125 382 2172 crudele
392 2127 462 2183 nelos,
474 2129 584 2190 malaeque
596 2127 690 2178 Pons!

225 2187 297 2253 Cujus
307 2191 404 2238 vulturis
415 2193 459 2239 hoc
470 2194 513 2239 erit
524 2194 636 2242 cadaveri

352 2324 392 2368 6³.
408 2321 449 2366 Ati
459 2319 607 2369 Marianam.

162 2443 214 2490 Seis
224 2450 247 2492 te
258 2448 355 2507 captam
376 2451 419 2497 scis
430 2452 496 2507 hune,
522 2454 544 2499 ui
556 2459 636 2518 captat,
648 2467 754 2503 svamm

194 2507 227 2554 Et
237 2511 287 2563 seis,
299 2513 337 2570 qul
349 2521 429 2574 sapiat,
442 2517 502 2576 quio,
544 2519 624 2573 suisne,
635 2520 704 2567 vellis

156 2569 195 2618 Tu
206 2579 281 2622 tanen
291 2576 351 2622 lanso
362 2579 443 2626 soson·
455 2583 573 2637 landem,
585 2583 659 2640 nolte,
672 2585 782 2648 supremis

188 2635 279 2699 Scribis,
289 2647 312 2687 et
322 2653 373 2688 essa
383 2649 425 2690 tuo
436 2645 477 2702 vis,
488 2645 580 2705 lurion,
591 2648 650 2695 loeo.
