<?xml version="1.0" encoding="UTF-8"?>
<!DOCTYPE html PUBLIC "-//W3C//DTD XHTML 1.0 Transitional//EN"
    "http://www.w3.org/TR/xhtml1/DTD/xhtml1-transitional.dtd">
<html xmlns="http://www.w3.org/1999/xhtml" xml:lang="en" lang="en">
 <head>
  <title>
</title>
<meta http-equiv="Content-Type" content="text/html;charset=utf-8" />
  <meta name='ocr-system' content='tesseract 3.04.00' />
  <meta name='ocr-capabilities' content='ocr_page ocr_carea ocr_par ocr_line ocrx_word'/>
</head>
<body>
  <div class='ocr_page' id='page_1' title='image "./mvaleriimartial04martgoog_0211.png"; bbox 0 0 1922 2916; ppageno 0'>
   <div class='ocr_carea' id='block_1_1' title="bbox 147 64 637 173">
    <p class='ocr_par' dir='ltr' id='par_1_1' title="bbox 147 64 637 173">
     <span class='ocr_line' id='line_1_1' title="bbox 147 64 637 173; baseline -0.02 -19"><span class='ocrx_word' id='word_1_1' title='bbox 147 107 197 154; x_wconf 71' lang='lat' dir='ltr'>roo</span> <span class='ocrx_word' id='word_1_2' title='bbox 344 143 356 159; x_wconf 61' lang='lat'>„</span> <span class='ocrx_word' id='word_1_3' title='bbox 385 64 584 173; x_wconf 74' lang='lat' dir='ltr'>marmus</span> <span class='ocrx_word' id='word_1_4' title='bbox 633 151 637 158; x_wconf 60' lang='grc'><strong>,</strong></span> 
     </span>
    </p>
   </div>
   <div class='ocr_carea' id='block_1_2' title="bbox 278 289 646 348">
    <p class='ocr_par' dir='ltr' id='par_1_2' title="bbox 278 289 646 348">
     <span class='ocr_line' id='line_1_2' title="bbox 278 289 646 348; baseline 0 -8"><span class='ocrx_word' id='word_1_5' title='bbox 278 295 320 340; x_wconf 75' lang='lat'>33.</span> <span class='ocrx_word' id='word_1_6' title='bbox 335 293 375 339; x_wconf 76' lang='lat' dir='ltr'>Aa</span> <span class='ocrx_word' id='word_1_7' title='bbox 388 293 500 348; x_wconf 73' lang='lat' dir='ltr'>Pratum,</span> <span class='ocrx_word' id='word_1_8' title='bbox 511 293 540 340; x_wconf 81' lang='lat' dir='ltr'>de</span> <span class='ocrx_word' id='word_1_9' title='bbox 551 289 646 340; x_wconf 75' lang='lat' dir='ltr'>Patala.</span> 
     </span>
    </p>
   </div>
   <div class='ocr_carea' id='block_1_3' title="bbox 138 415 756 1578">
    <p class='ocr_par' dir='ltr' id='par_1_3' title="bbox 152 415 727 544">
     <span class='ocr_line' id='line_1_3' title="bbox 152 415 670 480; baseline -0.002 -15"><span class='ocrx_word' id='word_1_10' title='bbox 152 417 192 465; x_wconf 90' lang='lat' dir='ltr'>De</span> <span class='ocrx_word' id='word_1_11' title='bbox 202 415 325 480; x_wconf 79' lang='lat' dir='ltr'>praetoritiai</span> <span class='ocrx_word' id='word_1_12' title='bbox 333 417 413 464; x_wconf 87' lang='lat' dir='ltr'>folium</span> <span class='ocrx_word' id='word_1_13' title='bbox 423 419 485 472; x_wconf 88' lang='lat' dir='ltr'>mihi,</span> <span class='ocrx_word' id='word_1_14' title='bbox 497 416 574 472; x_wconf 80' lang='lat' dir='ltr'>Paule,</span> <span class='ocrx_word' id='word_1_15' title='bbox 586 416 670 464; x_wconf 78' lang='lat' dir='ltr'>coroni</span> 
     </span>
     <span class='ocr_line' id='line_1_4' title="bbox 185 481 727 544; baseline 0.006 -16"><span class='ocrx_word' id='word_1_16' title='bbox 185 481 262 528; x_wconf 87' lang='lat' dir='ltr'>Mittis</span> <span class='ocrx_word' id='word_1_17' title='bbox 268 499 276 538; x_wconf 86' lang='lat'>;</span> <span class='ocrx_word' id='word_1_18' title='bbox 294 490 317 528; x_wconf 92' lang='lat' dir='ltr'>et</span> <span class='ocrx_word' id='word_1_19' title='bbox 327 483 370 528; x_wconf 86' lang='lat' dir='ltr'>hoc</span> <span class='ocrx_word' id='word_1_20' title='bbox 380 483 461 544; x_wconf 85' lang='lat' dir='ltr'>phialae</span> <span class='ocrx_word' id='word_1_21' title='bbox 472 498 555 528; x_wconf 87' lang='lat' dir='ltr'>nomen</span> <span class='ocrx_word' id='word_1_22' title='bbox 567 484 647 528; x_wconf 85' lang='lat' dir='ltr'>habere</span> <span class='ocrx_word' id='word_1_23' title='bbox 652 483 727 544; x_wconf 85' lang='lat' dir='ltr'>jubes.</span> 
     </span>
    </p>

    <p class='ocr_par' dir='ltr' id='par_1_4' title="bbox 153 545 756 674">
     <span class='ocr_line' id='line_1_5' title="bbox 153 545 756 609; baseline 0.003 -15"><span class='ocrx_word' id='word_1_24' title='bbox 153 545 207 594; x_wconf 86' lang='lat' dir='ltr'>Hac</span> <span class='ocrx_word' id='word_1_25' title='bbox 217 546 290 592; x_wconf 89' lang='lat' dir='ltr'>fuerat</span> <span class='ocrx_word' id='word_1_26' title='bbox 302 563 372 608; x_wconf 87' lang='lat' dir='ltr'>nuper</span> <span class='ocrx_word' id='word_1_27' title='bbox 383 545 463 592; x_wconf 78' lang='lat' dir='ltr'>nebulai</span> <span class='ocrx_word' id='word_1_28' title='bbox 475 547 513 592; x_wconf 90' lang='lat' dir='ltr'>tibi</span> <span class='ocrx_word' id='word_1_29' title='bbox 524 563 606 609; x_wconf 80' lang='lat' dir='ltr'>pegma</span> <span class='ocrx_word' id='word_1_30' title='bbox 616 557 756 609; x_wconf 83' lang='lat' dir='ltr'>perunctum,</span> 
     </span>
     <span class='ocr_line' id='line_1_6' title="bbox 186 611 656 674; baseline -0.004 -16"><span class='ocrx_word' id='word_1_31' title='bbox 186 611 273 658; x_wconf 77' lang='lat' dir='ltr'>Pallida</span> <span class='ocrx_word' id='word_1_32' title='bbox 284 627 350 672; x_wconf 89' lang='lat' dir='ltr'>quam</span> <span class='ocrx_word' id='word_1_33' title='bbox 361 613 421 674; x_wconf 80' lang='lat' dir='ltr'>ruhri</span> <span class='ocrx_word' id='word_1_34' title='bbox 433 612 497 658; x_wconf 88' lang='lat' dir='ltr'>diluit</span> <span class='ocrx_word' id='word_1_35' title='bbox 508 613 567 658; x_wconf 90' lang='lat' dir='ltr'>unda</span> <span class='ocrx_word' id='word_1_36' title='bbox 578 612 656 659; x_wconf 83' lang='lat' dir='ltr'>croci?</span> 
     </span>
    </p>

    <p class='ocr_par' dir='ltr' id='par_1_5' title="bbox 151 677 688 804">
     <span class='ocr_line' id='line_1_7' title="bbox 151 677 684 738; baseline 0 -15"><span class='ocrx_word' id='word_1_37' title='bbox 151 677 192 724; x_wconf 81' lang='lat' dir='ltr'>Au</span> <span class='ocrx_word' id='word_1_38' title='bbox 203 677 276 738; x_wconf 80' lang='lat' dir='ltr'>magis</span> <span class='ocrx_word' id='word_1_39' title='bbox 287 677 354 722; x_wconf 89' lang='lat' dir='ltr'>astuti</span> <span class='ocrx_word' id='word_1_40' title='bbox 366 677 444 722; x_wconf 89' lang='lat' dir='ltr'>derasa</span> <span class='ocrx_word' id='word_1_41' title='bbox 455 687 489 722; x_wconf 91' lang='lat' dir='ltr'>est</span> <span class='ocrx_word' id='word_1_42' title='bbox 500 692 577 737; x_wconf 88' lang='lat' dir='ltr'>ungue</span> <span class='ocrx_word' id='word_1_43' title='bbox 587 677 684 724; x_wconf 84' lang='lat' dir='ltr'>ministri</span> 
     </span>
     <span class='ocr_line' id='line_1_8' title="bbox 185 739 688 804; baseline 0 -18"><span class='ocrx_word' id='word_1_44' title='bbox 185 741 283 787; x_wconf 88' lang='lat' dir='ltr'>Bractea</span> <span class='ocrx_word' id='word_1_45' title='bbox 293 742 321 788; x_wconf 88' lang='lat' dir='ltr'>de</span> <span class='ocrx_word' id='word_1_46' title='bbox 331 741 403 790; x_wconf 83' lang='lat' dir='ltr'>fulcro</span> <span class='ocrx_word' id='word_1_47' title='bbox 416 741 487 804; x_wconf 86' lang='lat' dir='ltr'>(quod</span> <span class='ocrx_word' id='word_1_48' title='bbox 498 757 549 786; x_wconf 82' lang='lat' dir='ltr'>reor</span> <span class='ocrx_word' id='word_1_49' title='bbox 560 739 621 802; x_wconf 86' lang='lat' dir='ltr'>esse)</span> <span class='ocrx_word' id='word_1_50' title='bbox 633 741 688 788; x_wconf 79' lang='lat' dir='ltr'>tuo?</span> 
     </span>
    </p>

    <p class='ocr_par' dir='ltr' id='par_1_6' title="bbox 138 804 693 932">
     <span class='ocr_line' id='line_1_9' title="bbox 138 804 693 871; baseline 0.004 -19"><span class='ocrx_word' id='word_1_51' title='bbox 138 863 142 871; x_wconf 21' lang='grc' dir='ltr'><strong>ε</strong></span> <span class='ocrx_word' id='word_1_52' title='bbox 152 804 197 852; x_wconf 91' lang='lat' dir='ltr'>Illa</span> <span class='ocrx_word' id='word_1_53' title='bbox 207 813 282 868; x_wconf 86' lang='lat' dir='ltr'>potest</span> <span class='ocrx_word' id='word_1_54' title='bbox 292 806 386 852; x_wconf 89' lang='lat' dir='ltr'>culicem</span> <span class='ocrx_word' id='word_1_55' title='bbox 397 806 467 868; x_wconf 84' lang='lat' dir='ltr'>louge</span> <span class='ocrx_word' id='word_1_56' title='bbox 478 807 561 852; x_wconf 83' lang='lat' dir='ltr'>sentire</span> <span class='ocrx_word' id='word_1_57' title='bbox 572 807 693 862; x_wconf 82' lang='lat' dir='ltr'>volantem,</span> 
     </span>
     <span class='ocr_line' id='line_1_10' title="bbox 186 868 586 932; baseline 0 -15"><span class='ocrx_word' id='word_1_58' title='bbox 186 870 220 917; x_wconf 92' lang='lat' dir='ltr'>Et</span> <span class='ocrx_word' id='word_1_59' title='bbox 230 871 316 916; x_wconf 87' lang='lat' dir='ltr'>minimi</span> <span class='ocrx_word' id='word_1_60' title='bbox 328 868 402 930; x_wconf 70' lang='lat' dir='ltr'>pennis</span> <span class='ocrx_word' id='word_1_61' title='bbox 412 871 530 932; x_wconf 73' lang='lat' dir='ltr'>papilionis</span> <span class='ocrx_word' id='word_1_62' title='bbox 541 871 586 932; x_wconf 79' lang='lat' dir='ltr'>agi.</span> 
     </span>
    </p>

    <p class='ocr_par' dir='ltr' id='par_1_7' title="bbox 154 934 741 1062">
     <span class='ocr_line' id='line_1_11' title="bbox 154 934 741 998; baseline -0.003 -14"><span class='ocrx_word' id='word_1_63' title='bbox 154 934 254 997; x_wconf 83' lang='lat' dir='ltr'>Exiguae</span> <span class='ocrx_word' id='word_1_64' title='bbox 265 936 345 982; x_wconf 86' lang='lat' dir='ltr'>volitat</span> <span class='ocrx_word' id='word_1_65' title='bbox 356 951 464 997; x_wconf 85' lang='lat' dir='ltr'>suspensa</span> <span class='ocrx_word' id='word_1_66' title='bbox 474 949 557 998; x_wconf 89' lang='lat' dir='ltr'>vapore</span> <span class='ocrx_word' id='word_1_67' title='bbox 567 936 673 992; x_wconf 81' lang='lat' dir='ltr'>lucernae,</span> <span class='ocrx_word' id='word_1_68' title='bbox 733 979 741 988; x_wconf 84' lang='grc'><em>,</em></span> 
     </span>
     <span class='ocr_line' id='line_1_12' title="bbox 188 999 630 1062; baseline 0 -16"><span class='ocrx_word' id='word_1_69' title='bbox 188 1000 221 1046; x_wconf 89' lang='lat' dir='ltr'>Et</span> <span class='ocrx_word' id='word_1_70' title='bbox 231 1001 311 1046; x_wconf 85' lang='lat' dir='ltr'>leviter</span> <span class='ocrx_word' id='word_1_71' title='bbox 321 999 372 1048; x_wconf 80' lang='lat' dir='ltr'>fuso</span> <span class='ocrx_word' id='word_1_72' title='bbox 383 1001 494 1062; x_wconf 87' lang='lat' dir='ltr'>rumpitur</span> <span class='ocrx_word' id='word_1_73' title='bbox 505 1003 550 1047; x_wconf 84' lang='lat' dir='ltr'>icta</span> <span class='ocrx_word' id='word_1_74' title='bbox 559 1015 630 1046; x_wconf 89' lang='lat' dir='ltr'>mero.</span> 
     </span>
    </p>

    <p class='ocr_par' dir='ltr' id='par_1_8' title="bbox 146 1063 724 1190">
     <span class='ocr_line' id='line_1_13' title="bbox 146 1063 672 1126; baseline 0.004 -16"><span class='ocrx_word' id='word_1_75' title='bbox 146 1064 210 1118; x_wconf 53' lang='lat' dir='ltr'>,Hoc</span> <span class='ocrx_word' id='word_1_76' title='bbox 220 1066 297 1110; x_wconf 90' lang='lat' dir='ltr'>linitur</span> <span class='ocrx_word' id='word_1_77' title='bbox 309 1072 375 1126; x_wconf 85' lang='lat' dir='ltr'>sputo</span> <span class='ocrx_word' id='word_1_78' title='bbox 386 1064 403 1113; x_wconf 93' lang='lat' dir='ltr'><strong>J</strong></span> <span class='ocrx_word' id='word_1_79' title='bbox 404 1067 440 1110; x_wconf 87' lang='lat' dir='ltr'>ani</span> <span class='ocrx_word' id='word_1_80' title='bbox 451 1073 543 1126; x_wconf 75' lang='lat' dir='ltr'><strong>caryota</strong></span> <span class='ocrx_word' id='word_1_81' title='bbox 556 1063 672 1118; x_wconf 68' lang='lat' dir='ltr'>Kalendis</span> 
     </span>
     <span class='ocr_line' id='line_1_14' title="bbox 189 1129 724 1190; baseline 0.002 -14"><span class='ocrx_word' id='word_1_82' title='bbox 189 1130 264 1184; x_wconf 86' lang='lat' dir='ltr'>Quam</span> <span class='ocrx_word' id='word_1_83' title='bbox 274 1129 319 1176; x_wconf 79' lang='lat' dir='ltr'>fert</span> <span class='ocrx_word' id='word_1_84' title='bbox 330 1145 381 1176; x_wconf 88' lang='lat' dir='ltr'>cum</span> <span class='ocrx_word' id='word_1_85' title='bbox 393 1145 462 1190; x_wconf 82' lang='lat' dir='ltr'>parvo</span> <span class='ocrx_word' id='word_1_86' title='bbox 473 1131 575 1176; x_wconf 88' lang='lat' dir='ltr'>sordidus</span> <span class='ocrx_word' id='word_1_87' title='bbox 586 1145 636 1176; x_wconf 84' lang='lat' dir='ltr'>asae</span> <span class='ocrx_word' id='word_1_88' title='bbox 647 1129 724 1178; x_wconf 78' lang='lat' dir='ltr'>cliens.</span> 
     </span>
    </p>

    <p class='ocr_par' dir='ltr' id='par_1_9' title="bbox 157 1193 704 1320">
     <span class='ocr_line' id='line_1_15' title="bbox 157 1193 704 1255; baseline 0.005 -15"><span class='ocrx_word' id='word_1_89' title='bbox 157 1193 232 1240; x_wconf 87' lang='lat' dir='ltr'>Lenta</span> <span class='ocrx_word' id='word_1_90' title='bbox 243 1195 317 1240; x_wconf 86' lang='lat' dir='ltr'>minus</span> <span class='ocrx_word' id='word_1_91' title='bbox 328 1196 406 1255; x_wconf 75' lang='lat' dir='ltr'>gracili</span> <span class='ocrx_word' id='word_1_92' title='bbox 417 1201 520 1241; x_wconf 87' lang='lat' dir='ltr'>crescunt</span> <span class='ocrx_word' id='word_1_93' title='bbox 531 1195 641 1241; x_wconf 75' lang='lat' dir='ltr'>colocasia</span> <span class='ocrx_word' id='word_1_94' title='bbox 651 1193 704 1244; x_wconf 71' lang='lat' dir='ltr'>filos</span> 
     </span>
     <span class='ocr_line' id='line_1_16' title="bbox 189 1258 651 1320; baseline -0.002 -15"><span class='ocrx_word' id='word_1_95' title='bbox 189 1258 261 1305; x_wconf 89' lang='lat' dir='ltr'>Plena</span> <span class='ocrx_word' id='word_1_96' title='bbox 271 1260 344 1320; x_wconf 84' lang='lat' dir='ltr'>magis</span> <span class='ocrx_word' id='word_1_97' title='bbox 355 1260 425 1306; x_wconf 89' lang='lat' dir='ltr'>nimio</span> <span class='ocrx_word' id='word_1_98' title='bbox 436 1260 483 1305; x_wconf 88' lang='lat' dir='ltr'>lilia</span> <span class='ocrx_word' id='word_1_99' title='bbox 494 1259 542 1306; x_wconf 87' lang='lat' dir='ltr'>sole</span> <span class='ocrx_word' id='word_1_100' title='bbox 553 1259 651 1316; x_wconf 87' lang='lat' dir='ltr'>caduut;</span> 
     </span>
    </p>

    <p class='ocr_par' dir='ltr' id='par_1_10' title="bbox 155 1321 740 1450">
     <span class='ocr_line' id='line_1_17' title="bbox 155 1321 693 1389; baseline 0 -19"><span class='ocrx_word' id='word_1_101' title='bbox 155 1322 277 1384; x_wconf 25' lang='lat' dir='ltr'>Neclvaga</span> <span class='ocrx_word' id='word_1_102' title='bbox 289 1331 335 1370; x_wconf 86' lang='lat' dir='ltr'>tam</span> <span class='ocrx_word' id='word_1_103' title='bbox 347 1325 409 1370; x_wconf 89' lang='lat' dir='ltr'>tenui</span> <span class='ocrx_word' id='word_1_104' title='bbox 420 1323 529 1389; x_wconf 81' lang='lat' dir='ltr'>discursat</span> <span class='ocrx_word' id='word_1_105' title='bbox 540 1339 621 1370; x_wconf 84' lang='lat' dir='ltr'>aranea</span> <span class='ocrx_word' id='word_1_106' title='bbox 631 1321 693 1382; x_wconf 71' lang='lat' dir='ltr'>teli5</span> 
     </span>
     <span class='ocr_line' id='line_1_18' title="bbox 187 1387 740 1450; baseline 0.004 -16"><span class='ocrx_word' id='word_1_107' title='bbox 187 1387 246 1434; x_wconf 89' lang='lat' dir='ltr'>Tam</span> <span class='ocrx_word' id='word_1_108' title='bbox 256 1387 307 1433; x_wconf 88' lang='lat' dir='ltr'>leve</span> <span class='ocrx_word' id='word_1_109' title='bbox 319 1403 360 1433; x_wconf 87' lang='lat' dir='ltr'>nec</span> <span class='ocrx_word' id='word_1_110' title='bbox 370 1388 469 1448; x_wconf 88' lang='lat' dir='ltr'>bombyx</span> <span class='ocrx_word' id='word_1_111' title='bbox 479 1389 589 1449; x_wconf 86' lang='lat' dir='ltr'>pendulus</span> <span class='ocrx_word' id='word_1_112' title='bbox 601 1396 667 1450; x_wconf 84' lang='lat' dir='ltr'>urget</span> <span class='ocrx_word' id='word_1_113' title='bbox 678 1403 740 1450; x_wconf 85' lang='lat' dir='ltr'>opus.</span> 
     </span>
    </p>

    <p class='ocr_par' dir='ltr' id='par_1_11' title="bbox 156 1451 755 1578">
     <span class='ocr_line' id='line_1_19' title="bbox 156 1451 755 1511; baseline 0.003 -13"><span class='ocrx_word' id='word_1_114' title='bbox 156 1451 260 1502; x_wconf 80' lang='lat' dir='ltr'>Crassior</span> <span class='ocrx_word' id='word_1_115' title='bbox 271 1452 361 1498; x_wconf 81' lang='lat' dir='ltr'>insacia</span> <span class='ocrx_word' id='word_1_116' title='bbox 372 1453 456 1500; x_wconf 83' lang='lat' dir='ltr'>vetulae</span> <span class='ocrx_word' id='word_1_117' title='bbox 467 1461 511 1500; x_wconf 86' lang='lat' dir='ltr'>atat</span> <span class='ocrx_word' id='word_1_118' title='bbox 523 1461 584 1511; x_wconf 81' lang='lat' dir='ltr'>creta</span> <span class='ocrx_word' id='word_1_119' title='bbox 595 1452 710 1500; x_wconf 75' lang='lat' dir='ltr'>Fabullae:</span> <span class='ocrx_word' id='word_1_120' title='bbox 748 1479 755 1490; x_wconf 84' lang='lat'>·</span> 
     </span>
     <span class='ocr_line' id='line_1_20' title="bbox 189 1514 663 1578; baseline -0.002 -13"><span class='ocrx_word' id='word_1_121' title='bbox 189 1514 292 1565; x_wconf 82' lang='lat' dir='ltr'>Crassior</span> <span class='ocrx_word' id='word_1_122' title='bbox 302 1515 394 1564; x_wconf 83' lang='lat' dir='ltr'>offensae</span> <span class='ocrx_word' id='word_1_123' title='bbox 404 1517 465 1564; x_wconf 92' lang='lat' dir='ltr'>bulla</span> <span class='ocrx_word' id='word_1_124' title='bbox 476 1519 581 1564; x_wconf 81' lang='lat' dir='ltr'>tumescit</span> <span class='ocrx_word' id='word_1_125' title='bbox 592 1533 663 1578; x_wconf 83' lang='lat' dir='ltr'>aquas.</span> 
     </span>
    </p>
   </div>
   <div class='ocr_carea' id='block_1_4' title="bbox 60 1581 644 1644">
    <p class='ocr_par' dir='ltr' id='par_1_12' title="bbox 60 1581 644 1644">
     <span class='ocr_line' id='line_1_21' title="bbox 60 1581 644 1644; baseline -0.003 -14"><span class='ocrx_word' id='word_1_126' title='bbox 60 1622 64 1630; x_wconf 82' lang='lat'><em>.</em></span> <span class='ocrx_word' id='word_1_127' title='bbox 157 1581 248 1629; x_wconf 89' lang='lat' dir='ltr'>Fortior</span> <span class='ocrx_word' id='word_1_128' title='bbox 259 1589 283 1627; x_wconf 89' lang='lat' dir='ltr'>et</span> <span class='ocrx_word' id='word_1_129' title='bbox 293 1589 365 1628; x_wconf 86' lang='lat' dir='ltr'>tortos</span> <span class='ocrx_word' id='word_1_130' title='bbox 376 1589 450 1630; x_wconf 86' lang='lat' dir='ltr'>servat</span> <span class='ocrx_word' id='word_1_131' title='bbox 461 1584 536 1629; x_wconf 86' lang='lat' dir='ltr'>vesica</span> <span class='ocrx_word' id='word_1_132' title='bbox 547 1583 644 1644; x_wconf 80' lang='lat' dir='ltr'>capillos,</span> 
     </span>
    </p>
   </div>
   <div class='ocr_carea' id='block_1_5' title="bbox 133 1645 819 2098">
    <p class='ocr_par' dir='ltr' id='par_1_13' title="bbox 133 1645 819 2098">
     <span class='ocr_line' id='line_1_22' title="bbox 189 1645 726 1708; baseline 0.002 -15"><span class='ocrx_word' id='word_1_133' title='bbox 189 1646 223 1693; x_wconf 88' lang='lat' dir='ltr'>Et</span> <span class='ocrx_word' id='word_1_134' title='bbox 233 1653 306 1692; x_wconf 87' lang='lat' dir='ltr'>mutat</span> <span class='ocrx_word' id='word_1_135' title='bbox 318 1645 395 1692; x_wconf 86' lang='lat' dir='ltr'>Latias</span> <span class='ocrx_word' id='word_1_136' title='bbox 407 1662 486 1708; x_wconf 87' lang='lat' dir='ltr'>spuma</span> <span class='ocrx_word' id='word_1_137' title='bbox 498 1647 587 1694; x_wconf 88' lang='lat' dir='ltr'>Batava</span> <span class='ocrx_word' id='word_1_138' title='bbox 598 1662 683 1694; x_wconf 78' lang='lat' dir='ltr'>comas.</span> <span class='ocrx_word' id='word_1_139' title='bbox 719 1692 726 1704; x_wconf 76' lang='lat'><strong>,</strong></span> 
     </span>
     <span class='ocr_line' id='line_1_23' title="bbox 156 1709 662 1774; baseline 0.002 -16"><span class='ocrx_word' id='word_1_140' title='bbox 156 1709 209 1758; x_wconf 87' lang='lat' dir='ltr'>Hac</span> <span class='ocrx_word' id='word_1_141' title='bbox 221 1719 272 1758; x_wconf 88' lang='lat' dir='ltr'>cute</span> <span class='ocrx_word' id='word_1_142' title='bbox 283 1710 369 1757; x_wconf 83' lang='lat' dir='ltr'>Ladaeo</span> <span class='ocrx_word' id='word_1_143' title='bbox 379 1713 475 1758; x_wconf 86' lang='lat' dir='ltr'>vestitur</span> <span class='ocrx_word' id='word_1_144' title='bbox 484 1712 558 1774; x_wconf 93' lang='lat' dir='ltr'>pullus</span> <span class='ocrx_word' id='word_1_145' title='bbox 569 1713 592 1758; x_wconf 87' lang='lat' dir='ltr'>iu</span> <span class='ocrx_word' id='word_1_146' title='bbox 603 1728 662 1759; x_wconf 87' lang='lat' dir='ltr'>ovo:</span> 
     </span>
     <span class='ocr_line' id='line_1_24' title="bbox 188 1774 618 1838; baseline 0.007 -17"><span class='ocrx_word' id='word_1_147' title='bbox 188 1774 254 1822; x_wconf 86' lang='lat' dir='ltr'>Talia</span> <span class='ocrx_word' id='word_1_148' title='bbox 263 1774 341 1838; x_wconf 77' lang='lat' dir='ltr'>lanati</span> <span class='ocrx_word' id='word_1_149' title='bbox 351 1777 436 1837; x_wconf 81' lang='lat' dir='ltr'>splenia</span> <span class='ocrx_word' id='word_1_150' title='bbox 446 1777 521 1824; x_wconf 79' lang='lat' dir='ltr'>fronte</span> <span class='ocrx_word' id='word_1_151' title='bbox 532 1778 618 1824; x_wconf 78' lang='lat' dir='ltr'>sedent.</span> 
     </span>
     <span class='ocr_line' id='line_1_25' title="bbox 133 1839 787 1904; baseline 0.008 -20"><span class='ocrx_word' id='word_1_152' title='bbox 133 1880 135 1884; x_wconf 86' lang='lat'><em>.</em></span> <span class='ocrx_word' id='word_1_153' title='bbox 157 1839 220 1895; x_wconf 83' lang='lat' dir='ltr'>Quid</span> <span class='ocrx_word' id='word_1_154' title='bbox 230 1841 270 1886; x_wconf 91' lang='lat' dir='ltr'>tibi</span> <span class='ocrx_word' id='word_1_155' title='bbox 281 1856 332 1888; x_wconf 89' lang='lat' dir='ltr'>cum</span> <span class='ocrx_word' id='word_1_156' title='bbox 343 1841 422 1902; x_wconf 60' lang='lat' dir='ltr'>phiala</span> <span class='ocrx_word' id='word_1_157' title='bbox 434 1841 527 1903; x_wconf 84' lang='lat' dir='ltr'>ligulam</span> <span class='ocrx_word' id='word_1_158' title='bbox 540 1858 591 1888; x_wconf 90' lang='lat' dir='ltr'>cum</span> <span class='ocrx_word' id='word_1_159' title='bbox 603 1843 692 1888; x_wconf 73' lang='lat' dir='ltr'>mittere</span> <span class='ocrx_word' id='word_1_160' title='bbox 702 1856 787 1904; x_wconf 86' lang='lat' dir='ltr'>posses,</span> 
     </span>
     <span class='ocr_line' id='line_1_26' title="bbox 189 1905 690 1968; baseline 0 -16"><span class='ocrx_word' id='word_1_161' title='bbox 189 1905 284 1952; x_wconf 84' lang='lat' dir='ltr'>Mittere</span> <span class='ocrx_word' id='word_1_162' title='bbox 295 1921 346 1951; x_wconf 89' lang='lat' dir='ltr'>curn</span> <span class='ocrx_word' id='word_1_163' title='bbox 357 1921 435 1968; x_wconf 88' lang='lat' dir='ltr'>posses</span> <span class='ocrx_word' id='word_1_164' title='bbox 446 1907 483 1952; x_wconf 92' lang='lat' dir='ltr'>vel</span> <span class='ocrx_word' id='word_1_165' title='bbox 494 1907 610 1954; x_wconf 84' lang='lat' dir='ltr'>cochleare</span> <span class='ocrx_word' id='word_1_166' title='bbox 621 1907 690 1954; x_wconf 81' lang='lat' dir='ltr'>mihi?</span> 
     </span>
     <span class='ocr_line' id='line_1_27' title="bbox 157 1970 819 2034; baseline 0.009 -20"><span class='ocrx_word' id='word_1_167' title='bbox 157 1970 247 2030; x_wconf 83' lang='lat' dir='ltr'>Magna</span> <span class='ocrx_word' id='word_1_168' title='bbox 253 1971 319 2015; x_wconf 88' lang='lat' dir='ltr'>nimis</span> <span class='ocrx_word' id='word_1_169' title='bbox 327 1971 446 2030; x_wconf 87' lang='lat' dir='ltr'>loquimur,</span> <span class='ocrx_word' id='word_1_170' title='bbox 455 1973 568 2018; x_wconf 87' lang='lat' dir='ltr'>cochleam</span> <span class='ocrx_word' id='word_1_171' title='bbox 574 1987 625 2018; x_wconf 89' lang='lat' dir='ltr'>cum</span> <span class='ocrx_word' id='word_1_172' title='bbox 634 1973 723 2018; x_wconf 84' lang='lat' dir='ltr'>mittere</span> <span class='ocrx_word' id='word_1_173' title='bbox 730 1985 819 2034; x_wconf 68' lang='lat' dir='ltr'>possess</span> 
     </span>
     <span class='ocr_line' id='line_1_28' title="bbox 189 2034 720 2098; baseline -0.004 -14"><span class='ocrx_word' id='word_1_174' title='bbox 189 2034 297 2096; x_wconf 86' lang='lat' dir='ltr'>Denique</span> <span class='ocrx_word' id='word_1_175' title='bbox 308 2049 359 2094; x_wconf 83' lang='lat' dir='ltr'>cum</span> <span class='ocrx_word' id='word_1_176' title='bbox 370 2051 448 2098; x_wconf 81' lang='lat' dir='ltr'>posses</span> <span class='ocrx_word' id='word_1_177' title='bbox 459 2038 554 2092; x_wconf 79' lang='lat' dir='ltr'>mittere,</span> <span class='ocrx_word' id='word_1_178' title='bbox 568 2035 645 2092; x_wconf 83' lang='lat' dir='ltr'>Paule,</span> <span class='ocrx_word' id='word_1_179' title='bbox 657 2036 720 2082; x_wconf 79' lang='lat' dir='ltr'>nihil.</span> 
     </span>
    </p>
   </div>
   <div class='ocr_carea' id='block_1_6' title="bbox 350 2166 600 2216">
    <p class='ocr_par' dir='ltr' id='par_1_14' title="bbox 350 2166 600 2216">
     <span class='ocr_line' id='line_1_29' title="bbox 350 2166 600 2216; baseline 0.016 -6"><span class='ocrx_word' id='word_1_180' title='bbox 350 2168 391 2212; x_wconf 78' lang='lat'>34.</span> <span class='ocrx_word' id='word_1_181' title='bbox 407 2166 439 2212; x_wconf 78' lang='lat' dir='ltr'>Ic</span> <span class='ocrx_word' id='word_1_182' title='bbox 450 2167 600 2216; x_wconf 73' lang='lat' dir='ltr'>Jactarorem.</span> 
     </span>
    </p>
   </div>
   <div class='ocr_carea' id='block_1_7' title="bbox 158 2286 823 2424">
    <p class='ocr_par' dir='ltr' id='par_1_15' title="bbox 158 2286 823 2424">
     <span class='ocr_line' id='line_1_30' title="bbox 158 2286 726 2354; baseline 0.016 -22"><span class='ocrx_word' id='word_1_183' title='bbox 158 2286 314 2348; x_wconf 82' lang='lat' dir='ltr'>Archetypum</span> <span class='ocrx_word' id='word_1_184' title='bbox 326 2288 398 2350; x_wconf 91' lang='lat' dir='ltr'>Myos</span> <span class='ocrx_word' id='word_1_185' title='bbox 409 2297 528 2354; x_wconf 82' lang='lat' dir='ltr'>argeutum</span> <span class='ocrx_word' id='word_1_186' title='bbox 539 2297 562 2340; x_wconf 89' lang='lat' dir='ltr'>te</span> <span class='ocrx_word' id='word_1_187' title='bbox 573 2292 628 2340; x_wconf 82' lang='lat' dir='ltr'>dicis</span> <span class='ocrx_word' id='word_1_188' title='bbox 639 2291 726 2340; x_wconf 83' lang='lat' dir='ltr'>habere.</span> 
     </span>
     <span class='ocr_line' id='line_1_31' title="bbox 190 2349 823 2424; baseline 0.019 -27"><span class='ocrx_word' id='word_1_189' title='bbox 190 2349 314 2405; x_wconf 74' lang='lat' dir='ltr'>Quod‘sine</span> <span class='ocrx_word' id='word_1_190' title='bbox 322 2361 345 2402; x_wconf 90' lang='lat' dir='ltr'>te</span> <span class='ocrx_word' id='word_1_191' title='bbox 351 2354 437 2406; x_wconf 73' lang='lat' dir='ltr'>luctum</span> <span class='ocrx_word' id='word_1_192' title='bbox 445 2363 486 2414; x_wconf 74' lang='lat' dir='ltr'>eat,</span> <span class='ocrx_word' id='word_1_193' title='bbox 495 2358 538 2408; x_wconf 82' lang='lat' dir='ltr'>hoc</span> <span class='ocrx_word' id='word_1_194' title='bbox 545 2357 618 2424; x_wconf 70' lang='lat' dir='ltr'>magis</span> <span class='ocrx_word' id='word_1_195' title='bbox 627 2359 772 2424; x_wconf 85' lang='lat' dir='ltr'>archetypum</span> <span class='ocrx_word' id='word_1_196' title='bbox 780 2365 823 2408; x_wconf 79' lang='lat' dir='ltr'>eat.</span> 
     </span>
    </p>
   </div>
   <div class='ocr_carea' id='block_1_8' title="bbox 0 0 974 2916">
    <p class='ocr_par' dir='ltr' id='par_1_16' title="bbox 0 0 974 2916">
     <span class='ocr_line' id='line_1_32' title="bbox 0 0 974 2916; baseline 0 0"><span class='ocrx_word' id='word_1_197' title='bbox 0 0 974 2916; x_wconf 95' lang='lat' dir='ltr'> </span> 
     </span>
    </p>
   </div>
  </div>
 </body>
</html>
