1922 2916
234 141 527 192 EPIGRAMMATUM
544 141 596 193 Lu.
607 145 665 196 Vll.
737 153 782 199 187

194 273 258 328 Ques
269 283 294 320 tu
305 281 395 320 nectere
406 274 517 329 ccndidns,
529 276 568 322 sed
579 277 640 331 olim,

196 339 247 403 (sie
258 346 281 386 te
292 354 380 401 semper
390 348 450 386 emet
462 339 554 401 Venus)
567 350 688 389 memento.

323 470 362 516 90.
377 469 416 514 Ad
429 469 556 516 Creticum.

131 595 208 645 Jectet
218 596 351 656 inaequalem
363 595 445 642 Matho
455 612 493 643 me
503 597 583 645 fecisse
593 600 703 647 libellum:
795 603 800 620 ’

166 662 190 707 Si
201 676 279 707 verum
291 669 332 715 est,
343 660 418 708 lnudet
429 664 528 708 cennine
538 671 615 712 nostre
623 664 712 714 Matho·

132 725 243 786 AEqwes
254 726 329 772 scribit
339 726 408 771 libros
420 723 531 774 Calvinus
542 737 565 774 et
578 728 671 778 Umber.

166 789 272 852 AEquelis
282 791 337 837 liber
348 798 389 845 est,
402 788 499 846 Cretice,
511 793 549 852 qui
560 794 632 841 melus
642 801 684 842 est.

328 923 366 968 91.
384 921 422 967 Ad
433 923 576 970 Juvenalnn.

125 1047 176 1101 ,De
187 1055 265 1095 nostro
275 1047 370 1096 facunde
381 1050 420 1096 tibi
431 1049 448 1098 J
449 1050 549 1098 uvenells
559 1051 633 1114 agello

169 1112 326 1160 Setumelitius
336 1115 453 1168 mittimus,
465 1131 523 1171 ecce,
536 1131 611 1164 nuces.

137 1176 229 1227 Caetera
238 1179 327 1224 lascivis
338 1179 429 1225 donavit
439 1195 506 1241 poma
516 1181 595 1242 puellis

169 1242 276 1291 Mentula
286 1244 385 1290 cuutodis
393 1244 507 1292 luxuriose
516 1244 569 1292 Dei.

332 1378 371 1422 92.
386 1377 418 1422 In
429 1365 570 1422 Baeculam.

140 1504 219 1566 Siquid
229 1519 285 1566 opus
296 1504 370 1559 fuerit,
382 1505 426 1551 scis
433 1519 470 1551 me
481 1521 527 1552 non
538 1521 588 1552 esse
599 1507 730 1567 rogandum,

173 1569 214 1616 Bis
225 1571 289 1616 nobis
300 1569 361 1622 dicis,
374 1569 480 1624 Baccara,
492 1578 570 1630 terque
581 1570 623 1618 dle.

141 1634 248 1696 Appellat
259 1633 330 1694 rigidd
341 1635 411 1680 tristis
422 1649 459 1680 me
469 1650 526 1680 voce
539 1635 670 1682 Secundus:

175 1699 255 1753 Audis,
267 1699 306 1745 sed
317 1701 395 1752 nescis,
408 1697 515 1752 Baccara,
527 1699 580 1760 quid
592 1699 621 1745 sit
629 1713 692 1760 opus.

142 1763 227 1828 l’ensio
240 1771 262 1810 te
272 1777 346 1808 coram
358 1764 442 1825 petitur
452 1763 560 1825 clareque,
573 1764 704 1826 palemque:

175 1827 253 1883 Audis
266 1828 305 1874 sed
317 1830 395 1881 nescis,
407 1827 513 1882 Beccnre,
525 1829 579 1890 quid
589 1830 618 1875 sit
628 1843 692 1890 opus.

143 1892 204 1940 Esse
214 1909 294 1954 queror
305 1893 434 1953 gelidaeque
445 1894 499 1938 mihi
510 1895 618 1954 tritnsque
628 1893 742 1940 lucernas:

175 1957 255 2012 Audis,
268 1957 307 2004 sed
317 1958 398 2012 nescis,
410 1956 516 2012 Baccara,
529 1959 581 2019 quid
592 1959 621 2004 sit
632 1972 695 2018 opus.

134 2021 198 2069 'Hoc
209 2038 266 2084 opus
277 2030 318 2076 est,
330 2022 402 2068 subito
413 2021 454 2068 fies
465 2032 490 2068 ut
501 2023 572 2070 sidere
583 2029 675 2078 mutus;

174 2085 260 2134 Dicere
270 2103 300 2134 ne
309 2087 388 2148 possis,
401 2085 506 2142 Baccara,
518 2089 570 2149 quid
581 2087 611 2135 sit
621 2101 695 2152 opum

337 2220 378 2265 95.
396 2217 434 2262 Ad
443 2217 574 2264 Nameiam.

145 2345 239 2400 Narnia,
252 2345 349 2392 sulfirrec
361 2361 428 2408 quem
439 2345 530 2406 gurgite
541 2341 648 2390 candidus
659 2343 731 2390 amnis

179 2409 273 2466 Circuit,
285 2411 375 2472 ancipiti
387 2413 426 2457 vix
436 2410 538 2456 adeunde
544 2410 609 2469 jugo,

147 2475 211 2530 Quid
221 2483 267 2521 tem
279 2489 339 2536 saepe
350 2490 426 2522 meum
438 2475 502 2520 nobis
513 2473 621 2519 ebducere
633 2471 746 2526 Quintum

177 2537 215 2588 Tc
220 2541 293 2602 juvet,
305 2547 329 2586 et
338 2539 401 2587 lente
411 2538 532 2585 detinuisse
543 2535 624 2584 mord?

147 2604 210 2662 Qnid
221 2603 360 2652 Nomentani
371 2617 462 2651 censam
473 2602 527 2648 mihi
537 2601 611 2664 perdis
622 2599 696 2662 agelli,

179 2669 276 2735 Propter
285 2670 385 2718 vicinum
396 2669 434 2730 qui
444 2669 556 2732 pretiosus
566 2663 631 2714 eruti
