1864 2922
213 87 511 140 EPIGRAMMATUM
527 90 580 140 Lu.
592 89 653 144 XII.
720 85 769 142 3³⁷

290 282 328 329 rs.
346 283 386 329 Aa
397 253 558 344 alemanni.

81 375 86 454 Ι.
95 407 139 456 Nil
149 408 173 454 iu
184 415 208 456 te
218 408 302 472 scripu,
314 408 447 472 Bithynice:
467 413 558 462 credere
568 427 614 462 uon
626 414 668 472 vis,

130 471 164 524 Et
169 475 247 538 jurare
252 476 332 538 jubes:
352 476 411 524 malo
423 477 558 527 satisfacere.

292 606 331 651 80.
348 604 388 651 Au
399 605 539 655 Atticillans.

163 731 257 780 Donavi
268 733 308 778 tibi
319 732 395 788 multa,
407 749 459 794 quae
470 732 568 798 roglsti:

164 795 258 844 Donavi
268 797 307 842 tibi
318 797 389 859 plura,
401 813 467 860 quam
479 797 578 862 rogtlsti:

162 860 219 910 Non
230 877 304 908 cessas
316 870 390 909 tamen
402 879 473 924 usque
483 879 520 910 me
530 879 618 926 rogare.

163 920 272 988 Quisquis
283 927 315 974 nil
326 935 401 990 negat,
413 927 520 984 Atticille,
531 928 601 977 fellat.

289 1061 328 1104 81.
345 1058 384 1105 De
397 1059 536 1108 Callistrato.

93 1187 134 1237 Ne
144 1185 220 1234 laudet
230 1187 317 1250 dignos,
328 1187 404 1235 laudat
416 1187 558 1238 Callistratus
568 1205 653 1240 omnes.

127 1250 173 1303 cui
183 1251 256 1302 malus
263 1259 298 1300 est
308 1267 381 1306 nemo,
393 1255 443 1314 quis
452 1255 525 1303 bonus
535 1271 586 1306 esse
595 1257 687 1320 potest?

236 1377 238 1384 '
287 1385 327 1428 82.
342 1383 382 1430 De
398 1383 491 1432 Umbro.

128 1506 317 1561 Brumaeldiebus,
328 1505 432 1569 seriisque
445 1507 542 1565 Saturni,
643 1521 645 1529 ’

128 1573 237 1621 Mittebat
248 1570 335 1618 Umber
346 1572 448 1620 aliculam
459 1575 513 1620 mihi
525 1589 608 1638 pauper
617 1593 624 1623 ι

127 1636 270 1694 Nunctmisit
279 1637 373 1694 alicnm3
389 1635 462 1685 factm
473 1646 508 1686 est
518 1640 578 1687 enim
590 1640 659 1690 dives.

287 1771 325 1814 83.
341 1769 381 1816 De
392 1769 527 1830 Mermgens.

94 1892 204 1960 Effugere
214 1894 238 1940 in
248 1893 341 1941 thermis
352 1901 375 1941 et
386 1893 446 1942 circa
455 1893 535 1942 balnea
545 1908 592 1942 nou
602 1901 637 1942 est

129 1961 282 2022 Menogenes,
295 1961 355 2005 omni
367 1967 392 2006 tu
402 1961 455 2006 licet
467 1968 514 2006 arte
525 1959 589 2007 velis.
714 1993 717 2000 ,

95 2025 131 2075 Ca
147 2026 201 2073 tabit
211 2024 309 2085 tepidum
321 2021 399 2071 dextri
408 2021 510 2085 laevlqne
520 2025 640 2088 trigonem,

128 2042 228 2153 lmputet
240 2097 345 2151 exceptas
356 2097 381 2136 ut
392 2089 431 2135 tibi
442 2105 503 2150 saepe
513 2089 577 2151 pilas.

95 2154 203 2218 Colliget,
214 2162 238 2201 et
248 2153 329 2202 referet
339 2155 416 2200 laxum
427 2155 455 2201 de
466 2154 559 2218 pulvere
568 2153 652 2210 follem,

127 2220 160 2268 Et
171 2221 244 2283 sijum
255 2219 322 2272 lotus,
329 2219 378 2280 jam
390 2219 488 2265 soleatus
498 2219 548 2264 erit.

94 2285 178 2334 Lintea
189 2285 207 2332 si
219 2299 300 2339 sumes,
313 2284 365 2330 nise
376 2284 504 2330 candidiora
513 2283 623 2345 loquetur,

128 2351 179 2398 Sint
188 2345 241 2395 licet
252 2349 343 2395 infantis
355 2349 477 2394 sordidiora
487 2349 545 2395 sinu.

92 2415 199 2479 Exiguos
211 2422 272 2460 secto
283 2421 409 2460 comentem
421 2414 488 2459 dente
499 2412 592 2475 capillos

126 2479 197 2527 Dicet
207 2479 323 2525 Achilleas
333 2478 469 2540 disposuisse
478 2491 563 2524 comas.

94 2544 202 2596 Fumosse
212 2543 271 2592 feret
280 2545 329 2606 ipse
339 2543 413 2606 tropin
425 2541 453 2590 de
463 2541 520 2588 faece
529 2542 626 2606 lagenae,

127 2609 219 2660 Frontis
231 2616 254 2661 et
264 2609 383 2660 humorem
394 2607 486 2673 colliget
496 2622 568 2668 usqne
579 2613 632 2656 tuce.

523 2677 539 2721 ‘l
550 2687 567 2720 u
