1922 2916
253 115 547 167 EPIGRAMMATUM
563 114 616 161 Lis
629 115 701 166 v111,
761 122 806 166 195

184 319 210 362 4.
224 313 265 361 Asi
276 314 391 362 cesam
401 313 573 367 Domitianum
588 313 763 362 Gemmcusa.

145 443 258 500 Quantus,
269 443 298 497 io,
311 441 388 490 Latias
399 442 476 488 mundi
487 446 611 488 conventus
622 441 650 488 ad
661 457 710 490 eras

178 508 283 570 Suscipit,
296 515 318 552 et
329 507 402 560 solvit,
414 521 454 567 pro
466 507 522 552 duce
533 514 586 552 vota
597 506 652 554 suo!

144 571 201 619 Non
210 579 262 618 sunt
273 573 322 618 baee
331 572 453 625 hominum,
465 570 606 624 Germanice,
618 572 700 632 gaudia
706 579 803 628 tautmn,

177 637 222 684 Sed
232 636 370 698 saciuutipsi
381 651 448 690 nunc,
459 643 521 695 puto,
533 649 596 681 secra
607 635 661 682 Dei.

278 767 280 774 “
336 768 360 812 5.
375 767 415 812 Aa
427 766 546 812 Mamm.

161 869 168 875 ι
207 894 272 942 Dum
283 895 360 948 donea,
372 894 458 947 Macer,
470 893 565 940 annulos
575 895 661 955 puellis,

201 959 300 1034 Desisti,
313 959 399 1012 Macer,
412 958 507 1004 annulos
518 959 605 1006 habere.

333 1093 357 1135 6.
372 1090 405 1135 In
416 1088 528 1136 Enetum.

140 1218 279 1280 Archetypis
289 1219 359 1266 vetuli
371 1217 426 1264 nihil
437 1224 472 1263 est
482 1217 580 1264 odiosius
591 1215 667 1264 Eucti.
742 1253 747 1260 .

174 1283 239 1330 iicta
252 1283 376 1344 Saguntino
387 1283 475 1341 cymbia
485 1282 544 1328 malo
555 1283 602 1328 luto
608 1299 617 1340 ;

141 1348 239 1410 Argenti
250 1347 339 1393 fumosa
349 1348 382 1392 eui
395 1363 445 1392 cum
458 1353 576 1392 stemmata
586 1354 661 1394 narrat

177 1413 293 1466 Garrulus,
306 1420 328 1458 et
340 1413 412 1457 verbis
423 1411 511 1456 mucida
522 1412 574 1458 vina
584 1411 644 1458 facit.

142 1475 319 1524 Laomedonteae
330 1476 418 1522 suerunt
429 1477 477 1521 haec
488 1475 568 1536 poeula
578 1491 679 1533 mensae;

175 1541 254 1589 Ferret
265 1549 290 1587 ut
301 1543 356 1593 haec,
368 1555 444 1586 muros
456 1541 537 1586 struxit
549 1540 632 1602 Apollo
640 1539 696 1600 lyris.

140 1605 197 1654 Hoc
208 1620 293 1654 cratere
303 1607 366 1652 t'erox
379 1605 490 1652 commisit
500 1605 579 1666 proelia
589 1604 691 1652 Rhoecus

174 1669 234 1720 Cum
247 1670 362 1732 Lapithis:
375 1667 458 1731 ‘pugni
468 1669 539 1715 debile
550 1669 623 1715 cernis
634 1685 697 1730 opus.

141 1735 176 1783 Hi
188 1736 232 1783 duc
243 1737 350 1797 longaevo
361 1745 480 1780 censentur
492 1733 590 1780 Nestore
600 1731 679 1780 fundi:

174 1800 260 1848 Pollice
271 1801 299 1846 de
311 1799 377 1860 Pylio
389 1801 440 1846 trita
451 1799 553 1845 columba
563 1799 626 1848 nitet.

142 1865 190 1913 Hic
202 1866 299 1926 scyphus
311 1873 351 1910 est
364 1865 386 1910 in
398 1879 443 1923 quo
454 1865 542 1908 misceri
548 1863 617 1925 jussit
627 1862 704 1909 suricis

175 1929 273 1992 Largius
284 1929 391 1974 AEacides
401 1929 540 1988 vividiusque
551 1943 644 1974 merum.

142 1994 196 2042 Hac
207 1995 333 2056 propinavit
344 1993 412 2040 Bitiae
422 1994 571 2054 pulcherrima
582 1990 645 2038 Dido

173 2058 201 2106 In
213 2056 295 2122 paterb
308 2057 410 2120 Phrygio
421 2073 471 2103 cum
483 2058 535 2104 data
544 2072 610 2104 coena
621 2057 670 2102 viro
680 2063 723 2102 eat.
792 2061 796 2067 '

140 2123 241 2172 Miratus
250 2123 320 2170 fueris
331 2139 380 2170 cum
393 2124 465 2183 prisca
475 2130 600 2168 toreumata
610 2121 713 2176 multum,
775 2133 777 2140 ’

172 2187 201 2236 In
211 2188 296 2236 Priami
307 2189 394 2249 cyathis
405 2188 544 2248 Astyanacta
553 2187 622 2234 bibes.

335 2319 358 2363 7.
373 2319 405 2364 In
418 2318 529 2364 cinnano

140 2447 196 2497 Hoc
207 2461 275 2510 agere
285 2453 320 2494 est
331 2461 415 2500 cauam,
426 2448 469 2492 hoc
480 2441 654 2499 dicerecinna,
666 2441 753 2498 diserte,

173 2513 253 2566 Horis,
265 2510 346 2567 Cinna,
358 2512 436 2558 decem
447 2513 520 2557 dicere
531 2509 599 2558 verba
609 2506 711 2555 novem?

115 2621 119 2634 ‚
141 2576 186 2626 sad
197 2577 265 2624 modo
276 2577 404 2640 clepsydram
414 2577 502 2638 ingenti
511 2589 569 2623 voce
579 2573 655 2636 petisti
747 2599 750 2604 ·

171 2642 301 2699 Quattuorz
321 2641 351 2694 oi
368 2649 484 2705 quantum,
497 2634 753 2701 Cinna-tacerepotea!

597 2717 609 2749 e
