1916 2918
160 98 209 142 mo
291 149 292 152 Ἴ
377 75 590 142 ‘mansurus
658 103 660 106 ·

161 223 296 280 Nonvscat,
307 232 346 272 sut
357 225 445 281 domuit,
457 225 542 272 dictum
553 225 588 272 bis
598 231 677 285 terque
688 231 787 272 reverso}

109 317 111 325 =
195 289 248 338 Jsm
260 291 314 338 ntis
324 297 372 338 est:
392 305 437 338 non
449 291 491 345 vis,
503 289 566 345 Afer,
578 303 657 338 averes
677 289 743 338 Vale.

285 385 288 402 ›
355 427 378 468 9.
393 421 433 468 Ad
443 421 615 468 Domitianum.

164 549 290 610 Tamquam
299 565 368 612 parva
378 549 436 598 soret
445 548 515 602 sextis
526 549 607 612 injuris
617 550 689 596 nostri

197 614 326 662 Foedandos
336 616 418 676 populo
429 615 570 676 prostituisse
581 625 668 670 mares3

163 679 217 729 Jam
228 695 293 726 cunae
304 681 391 726 lenonis
402 687 473 734 erant,
484 687 509 726 ut
520 680 547 726 ab
558 679 626 725 ubere
636 685 713 741 raptus

199 745 293 804 Sordida
304 747 381 807 vagitu
391 752 493 806 posceret
505 759 549 790 aera
559 757 622 804 puer.

146 864 148 868 Ι
165 807 290 856 Immotura
301 811 381 856 dabant
392 808 493 855 infandus
504 824 598 869 corpora
608 821 694 870 poenas.

198 873 253 920 Nou
265 875 317 921 tulit
328 875 444 921 Ausonius
454 874 507 920 talis
517 880 618 922 monstra
627 878 707 933 pater;

166 937 238 994 Idem,
250 940 287 1000 qui
299 941 381 986 teneris
392 933 463 999 mulier
474 939 584 984 succurrit
594 937 691 998 ephebis,

198 1002 237 1050 Ne
247 1003 333 1050 laceret
342 1003 428 1062 steriles
439 1017 500 1050 saeva
506 1003 574 1050 libido
585 1003 653 1048 viros.

166 1065 276 1116 Dilexere
287 1069 349 1129 prius
357 1069 426 1128 pueri,
434 1065 581 1128 juvenesque,
593 1080 717 1126 senesque:

198 1132 232 1179 At
243 1148 303 1180 nuno
313 1132 411 1180 infantes
421 1138 444 1178 te
455 1147 550 1193 quoque,
564 1129 649 1186 Caessr',
661 1137 746 1196 amant

358 1261 398 1304 10.
412 1257 451 1304 Ad
462 1259 624 1320 Bithynicum.

168 1385 210 1434 Nil
221 1387 260 1432 tibi
270 1385 356 1447 legavit
367 1385 456 1440 Fabius,
468 1385 596 1446 Bithynice,
607 1386 644 1432 cui
656 1393 681 1432 tu

200 1451 290 1518 Annua,
303 1451 321 1496 si
332 1452 430 1506 memini,
442 1451 512 1498 millia
523 1467 577 1497 sena
587 1451 661 1496 debas.

168 1513 223 1562 Plus
235 1516 290 1562 nulli
301 1515 361 1561 dedit
372 1517 423 1562 ille:
444 1517 513 1575 queri,
526 1515 654 1576 Bithynice,
667 1515 731 1564 nolis

199 1579 285 1627 Annua
291 1581 377 1642 legavit
388 1579 457 1626 millia
468 1596 522 1627 sena
532 1581 579 1626 tibi.
651 1583 654 1590 '
713 1587 716 1593 '

361 1713 398 1754 11.
415 1690 616 1756 secandarum,

232 1823 325 1892 boenes,
338 1835 457 1892 Canthare,
469 1855 520 1884 cum
528 1838 584 1885 soris
594 1839 695 1894 libenter,

232 1898 330 1956 Clamas,
342 1909 365 1948 et
376 1903 495 1957 maledicis,
506 1911 530 1950 et
540 1904 638 1950 minaris.

230 1963 341 2026 Deponas
352 1968 439 2014 animos
450 1976 530 2023 truces,
542 1983 675 2014 monemus:
711 1997 714 2006 ι

231 2027 300 2078 Liber
311 2047 356 2077 non
367 2040 432 2093 potes
443 2041 464 2078 et
475 2034 569 2095 gulosus
579 2047 637 2079 esse.

361 2163 399 2208 m.
415 2161 715 2210 oeuarsnooomunns.
750 2145 754 2156 '

136 2329 138 2332 .
231 2288 324 2336 Nomen
336 2305 386 2336 oum
397 2291 470 2342 violis,
483 2291 583 2350 rosisque
594 2295 680 2344 natum,

232 2352 287 2406 Qum
297 2369 349 2415 pars
361 2357 445 2416 optima
456 2363 597 2415 nuncupatur
608 2355 660 2398 anni
668 2369 683 2409 ;,

230 2415 332 2476 Hyblam
342 2420 403 2478 quod
414 2420 477 2480 sapit,
490 2419 624 2478 Atticosque
635 2415 709 2472 flores,

231 2479 301 2534 Quod
312 2481 376 2528 nidos
387 2483 433 2529 olet
444 2484 503 2529 alitis
515 2483 630 2544 supcrbae3

230 2542 323 2591 Nomen
334 2554 423 2594 nectare
434 2547 521 2594 dulcius
531 2548 604 2600 beato,

228 2607 284 2663 Quo
294 2609 372 2656 mallet
383 2609 480 2673 Cybeles
490 2627 547 2674 puer
558 2610 640 2664 vocari,
