1916 2918
158 115 207 162 250
393 112 590 162 MARTIALIS

281 266 285 278 ⁴
351 311 376 353 5.
391 309 431 354 Ad
443 309 562 356 Priscum.

192 433 371 482 Vernaculorum
382 434 448 488 dicta,
460 434 574 480 sordidum
585 433 684 490 dentem,
712 457 716 462 ·

191 499 226 546 Et
235 499 296 545 soeda
305 496 392 560 linguae
403 500 483 562 probra
494 499 645 552 circulatricis,

194 564 254 617 Quae
266 563 375 610 sulfurato
387 565 443 610 nolit
453 572 514 610 emta
525 571 626 610 ramento

191 627 335 674 Vatiniorum
347 636 470 690 proxeneta
480 629 609 684 fractorum,

192 692 265 739 Poeta
275 693 364 753 quidam
375 694 523 739 clancularius
534 693 625 755 spargit,
663 733 665 738 .

191 757 226 804 Et
236 758 286 804 vult
296 759 366 805 videri
379 766 461 804 nostra.
479 757 559 805 Credis
570 760 620 812 hoc,
633 756 718 815 Prisce,

191 821 259 869 Voce
270 831 295 869 ut
304 824 408 882 loquatur
419 824 527 886 psittacus
537 821 665 878 coturnicis,

191 885 226 934 Et
237 889 379 950 concupiscat
389 903 440 934 esse
453 887 531 936 Canus
538 885 661 934 'ucaule's2

191 951 277 999 Procul
287 969 300 999 a
311 953 389 999 libellis
401 954 466 1014 nigra
477 955 507 999 sit
517 954 573 998 meis
581 952 647 1006 sama,

193 1015 260 1072 ons
271 1033 347 1064 rumor
359 1015 408 1063 alba
418 1033 535 1078 gemmeus
546 1017 608 1064 vehit
618 1014 700 1078 penui·

193 1079 242 1128 Cur
252 1097 296 1142 ego
307 1083 404 1128 laborem
416 1090 483 1128 notus
494 1098 544 1128 esse
556 1090 601 1128 tam
612 1097 689 1143 prave,

193 1143 304 1194 Constare
314 1147 385 1208 gratis
396 1162 448 1193 cum
459 1147 572 1194 silentium
583 1146 671 1210 possiti

352 1280 376 1322 4.
392 1277 431 1322 Aa
442 1277 600 1323 Mamurram.

161 1403 207 1458 Qui
218 1405 276 1466 legis
288 1403 431 1464 OEdipodem,
443 1405 624 1466 caligantemque
634 1401 759 1464 Th5¹estem

195 1467 321 1532 Colchidas,
333 1477 355 1514 et
368 1469 462 1532 Scyllas,
473 1471 526 1530 quid
537 1469 579 1515 nisi
591 1477 691 1515 monstra
701 1468 778 1532 legis?

161 1533 223 1589 Quid
233 1535 272 1580 tibi
285 1543 360 1596 raptus
372 1534 454 1594 Hylas,
463 1535 517 1596 quid
525 1533 708 1596 Parthenopaeus,
716 1541 741 1582 et
749 1534 821 1592 Attis,

194 1599 256 1653 Quid
267 1600 306 1645 tibi
318 1599 426 1645 dormitor
436 1600 534 1661 proderit
545 1599 695 1659 Endymion?

160 1662 282 1712 Exutusve
292 1680 348 1725 puer
358 1665 438 1725 pennis
449 1664 592 1710 lateritium?
608 1671 647 1710 aut
657 1665 695 1724 qui

192 1729 248 1776 Odit
259 1730 375 1776 amatrices
387 1728 590 1790 Hermaphroditus
602 1729 689 1789 aquas?

162 1793 224 1847 Quid
235 1803 257 1841 te
269 1809 327 1840 vana
332 1795 415 1855 juvant
425 1796 514 1842 miseras
525 1795 619 1840 ludibria
630 1793 733 1840 murtae?
808 1789 812 1797 '

192 1856 247 1904 Hoc
258 1859 315 1919 lege,
327 1860 387 1919 quod
397 1861 469 1920 possit
480 1861 553 1905 dicere
564 1860 616 1912 vita,
628 1873 703 1905 meum
714 1867 758 1906 ast.

160 1921 217 1970 Non
229 1924 264 1969 hic
277 1923 409 1978 Centauros,
421 1939 467 1970 non
479 1918 609 1986 Gorgonas,
623 1923 785 1986 Harpyiasque
811 1963 814 1970 .

192 1987 311 2034 Invenies:
332 1990 444 2035 hominem
457 1990 540 2051 pagina
551 1999 628 2036 nostra
640 1990 705 2049 sapit.

160 2053 205 2100 Sed
217 2067 262 2098 non
275 2055 315 2108 vis,
328 2053 452 2109 Mamurra,
464 2063 516 2100 tuos
527 2063 760 2114 cognoscere'mores,

191 2118 243 2165 Nee
254 2125 278 2165 te
289 2119 359 2165 scire:
373 2119 436 2180 legas
447 2125 511 2164 Αιτια
523 2116 665 2166 Callimachi.
752 2129 756 2139 ’
821 2177 824 2184 Ι

319 2247 342 2292 5.
359 2245 392 2292 Irt
401 2246 544 2294 maledictam
556 2248 661 2296 Petram.
669 2257 677 2265 '‘
689 2239 699 2280 s

191 2372 307 2431 Quisquis,
319 2373 413 2423 stolaeve
422 2371 557 2435 purpuraeve
567 2373 701 2432 contentor,

191 2435 257 2489 Quos
267 2437 341 2482 colere
349 2438 420 2493 debet,
432 2439 491 2486 laesit
501 2440 570 2500 impio
580 2455 655 2496 versu,

188 2499 258 2545 Erret
268 2515 308 2560 per
319 2503 395 2546 urbem
406 2504 557 2563 pontis'exsul
568 2511 592 2550 et
599 2501 662 2564 'clivi

187 2561 294 2622 interque
306 2579 384 2610 raucos
395 2567 487 2614 ultimus
498 2575 616 2630 rogatores

188 2627 245 2674 Oret
255 2626 346 2674 caninas
356 2631 421 2690 panis
431 2632 526 2694 improbi
536 2634 628 2684 buccas.
