1916 2918
242 95 544 160 nrr'onauuaruu·
558 109 670 162 nune
739 120 790 166 aaa

227 351 230 358 .
254 269 256 276 Ι
320 309 359 354 20.
375 307 407 354 In
419 305 541 354 Mum.

191 429 282 492 Laudas
291 432 372 480 bslnea
380 433 482 480 versibus
492 434 598 485 trecentis

191 496 309 545 Coenantis
319 498 377 544 bene
388 496 484 552 Pontici,
498 498 592 544 Sabelle.

191 560 235 609 Vis
246 577 343 617 ooenue,
356 561 450 616 Sabelle,
461 577 508 608 non
519 561 596 609 lavari.

320 694 359 738 21.
377 691 417 738 Au
427 691 602 742 Domitianum.

127 818 196 875 Haeo,
206 834 258 881 quae
266 824 315 866 tota
325 825 392 882 patet,
401 821 531 882 tegiturque
538 828 562 866 et
572 832 683 867 marmore
694 827 717 867 et
728 835 790 905 auro,

161 883 259 932 Infantis
269 885 353 932 domini
365 886 455 932 conseia
466 893 525 931 terra
534 884 585 930 suit

47 992 51 998 .
127 949 201 1003 Felix,
213 963 264 1011 quas
275 951 343 997 tantis
355 951 430 997 sonuit
438 950 557 1011 vagitibus,
568 956 592 996 et
602 961 654 1010 que

160 1013 225 1073 Vidit
235 1021 355 1077 reptantes,
367 1015 516 1075 sustinuitque
526 1014 620 1062 manus!

129 1077 176 1126 Hie
185 1087 277 1126 steterat
287 1081 414 1126 renuenda
421 1079 507 1132 domus,
516 1095 568 1140 quae
578 1080 683 1140 praestitit
694 1079 748 1136 orbi,

161 1143 230 1199 Quod
241 1143 336 1191 Rhodos
347 1143 455 1199 astrifero,
464 1145 524 1204 quod
534 1145 571 1205 pia
583 1142 657 1198 Creta,
669 1144 728 1207 polo.

129 1207 226 1258 Curetes
237 1207 314 1267 texdre
322 1208 405 1258 Jovem
417 1210 575 1271 crepitantibus
586 1210 661 1264 armis,

161 1273 265 1320 Semiviri
276 1281 379 1352 poterant
390 1274 463 1335 qualia
473 1273 531 1319 ferre
541 1272 652 1336 Phryges.

126 1337 160 1384 At
171 1347 194 1386 te
204 1340 303 1401 protexit
314 1338 424 1416 Superbos
435 1345 513 1398 pater;
525 1344 549 1384 et
560 1339 605 1392 tibi,
615 1336 700 1394 Caesar,

161 1402 207 1451 Pro
214 1403 291 1466 jaculo
303 1411 326 1450 et
336 1400 419 1465 parmai,
431 1399 517 1448 fulmen
529 1408 552 1450 et
563 1403 619 1464 aegis
630 1409 685 1452 erat.

321 1537 360 1578 22.
376 1533 417 1578 Ad
429 1533 541 1580 Auctum.

128 1668 286 1715 Artemidorus
296 1668 362 1714 babet
372 1681 481 1728 puerum
499 1665 538 1712 sed
548 1665 649 1711 vendidit
660 1681 752 1728 agmina

162 1733 251 1795 Agrum
262 1748 303 1794 pro
314 1748 384 1794 puero
396 1730 538 1779 Calliodorus
548 1731 622 1776 habet

129 1798 182 1853 Dio,
195 1805 245 1844 uter
255 1812 284 1843 ex
295 1797 343 1844 istis
354 1797 435 1842 meiius
445 1811 493 1842 rem
504 1796 607 1857 gesserit,
620 1794 709 1842 Auote?

160 1859 318 1910 Artemidorus
329 1869 404 1920 amat;
416 1860 559 1909 Calliodorus
570 1867 624 1908 arat.

322 1993 363 2036 25.
381 1961 420 2036 Au
431 1991 560 2038 Pastum.
654 2001 660 2016 ‘

110 2129 112 2136 ’
130 2121 212 2172 Credis
223 2124 251 2171 ob
262 2124 304 2170 boe
315 2138 359 2178 rue,
371 2123 460 2178 Pastor,
471 2137 526 2184 opes
535 2121 632 2168 sortasse
643 2133 731 2182 rogare,

162 2187 259 2252 Propter
269 2189 328 2250 quod
339 2190 428 2251 vulgus,
440 2203 559 2248 arenaque
569 2187 634 2232 turba
644 2191 727 2247 rogat3

130 2253 165 2301 Ut
177 2253 255 2301 Setina
265 2269 329 2300 meos
340 2261 458 2300 consumat
468 2253 534 2314 gleba
543 2253 639 2313 ligones,

161 2317 195 2366 Et
206 2325 271 2366 sonet
280 2316 399 2366 innumeri
408 2318 516 2379 compede
526 2316 615 2362 Tuscus
626 2329 693 2376 ager3

130 2383 166 2432 Ut
178 2383 255 2431 Mauri
264 2382 357 2445 Libyeis
367 2391 458 2430 centum
470 2388 530 2429 stent
541 2381 644 2428 dentibus
654 2379 726 2434 orbes,

162 2447 196 2497 Et
207 2449 296 2526 erepet:
290 2463 313 2495 ιιι
325 2449 408 2495 nostris
419 2463 487 2494 aurea
496 2447 572 2493 lamna
582 2445 652 2500 toris;

93 2509 98 2516 ”
120 2511 181 2561 Nec
191 2513 290 2561 lebris'
269 2514 311 2560 nui
322 2527 406 2576 magna
416 2513 473 2559 meis
484 2511 589 2572 crystalla
599 2514 707 2564 terantur,
787 2548 789 2552 .

161 2577 194 2626 Et
204 2577 319 2626 iserant'
298 2593 374 2640 nigras
382 2585 460 2625 nostra
471 2575 595 2624 Falerna'
574 2587 653 2629 nives,
774 2593 776 2604 ·

127 2643 163 2692 Ut
176 2641 328 2696 cuniam
339 2649 417 2693 nostro
429 2642 501 2706 Syrus
512 2655 587 2690 assere
598 2639 671 2692 sudet·
