1924 2912
252 360 303 426 M.
325 313 429 428 vlu.
455 356 734 431 urrunnun
772 380 782 452 χ

148 631 149 634 ¹
199 543 777 656 nernlnnnunuu‘n
810 579 838 628 τ

343 802 451 852 LIBER
467 803 626 852 TERTIUS.

250 1113 270 1156 1.
287 1111 326 1156 Ari
339 1111 467 1165 Lectorem,
479 1111 507 1158 de
518 1109 590 1158 Libro
606 1110 735 1158 Gallicane.

161 1235 216 1284 Hoc
227 1237 273 1291 tibi,
285 1237 391 1297 quidquid
402 1237 476 1291 idest,
488 1237 617 1298 longinquis
627 1237 697 1284 mittit
707 1237 735 1283 ab
745 1237 791 1284 orie

194 1301 276 1356 Gellia,
288 1301 400 1349 Romanae
412 1303 503 1348 nomine
514 1302 572 1348 dicta
584 1310 652 1364 togae.

163 1363 234 1413 Hune
245 1366 309 1428 legis,
322 1375 344 1412 et
355 1367 432 1414 laudes
442 1367 522 1414 librum
534 1367 628 1414 sortasse
638 1366 746 1428 priorem:

194 1429 237 1477 Ille
247 1432 285 1477 vel
295 1432 344 1484 haec
356 1447 406 1478 mea
416 1440 475 1486 sunt,
487 1447 538 1492 quae
550 1431 642 1478 meliora
652 1437 726 1493 putes.

162 1494 218 1542 Plus
229 1511 283 1542 eene
293 1497 386 1558 placeat,
397 1495 492 1542 dominii·
498 1497 537 1557 qui
548 1503 614 1542 natus
624 1497 647 1542 in
660 1497 713 1544 urbe
724 1501 774 1554 est;

195 1558 271 1607 Debet
282 1562 341 1608 enirn
354 1561 447 1608 Gallum
458 1563 548 1608 vincere
559 1575 628 1608 verna
637 1561 700 1608 liber.

354 1695 376 1738 2.
394 1692 434 1738 Aa
445 1692 544 1741 Librum
556 1707 632 1740 nuum.

228 1822 300 1884 Cujus
310 1823 345 1870 vis
355 1821 410 1876 fieri,
421 1823 501 1877 libelle,
513 1821 610 1870 munus?

227 1887 322 1934 Festina
332 1888 371 1934 tibi
381 1887 493 1934 vindicem
504 1903 589 1949 parare,

227 1951 267 2000 Ne
278 1953 365 2014 nigrum
377 1954 422 1999 cilo
434 1961 510 2015 raptus
521 1953 544 1998 in
555 1953 652 2000 culinam

229 2015 348 2078 Cordyllas
359 2015 447 2064 madidi
457 2025 522 2079 tegas
531 2033 623 2079 papyro,

228 2081 274 2128 Vel
285 2082 362 2136 thuris,
374 2083 499 2144 piperisque
511 2083 541 2128 sie
552 2081 660 2129 cucullus.

228 2145 332 2194 Faustini
342 2146 403 2208 fugis
415 2148 438 2194 in
450 2148 538 2194 sinum:
559 2147 642 2209 rapieti-

231 2209 306 2259 Cedro
318 2226 377 2258 nunc
388 2213 441 2260 licet
452 2212 551 2259 ambules
561 2219 689 2274 perunctus,

230 2275 270 2332 Et,
281 2275 362 2322 frontis
372 2277 464 2338 gemino
476 2277 558 2323 decens
569 2278 660 2330 honore,

232 2339 303 2386 Pictis
314 2342 433 2389 luxurieris
444 2341 553 2388 umbilicis
562 2358 568 2397 ς

230 2404 264 2451 Et
275 2411 298 2450 te
308 2421 406 2467 purpura
417 2405 511 2452 delicate
522 2406 588 2459 velet,

231 2467 264 2515 Et
275 2485 343 2516 coeco
354 2471 431 2518 rubeat
441 2471 549 2532 superbus
559 2469 634 2517 index.

232 2531 276 2581 Illo
287 2533 381 2590 vindice,
394 2549 435 2584 nec
449 2534 547 2583 Probum
559 2535 644 2584 timete.
