1916 2918
174 109 223 156 278
413 109 607 162 MARTIALIS

209 237 261 286 Has
272 239 311 286 tibl
322 239 430 301 gemellas
440 241 526 286 barbari
537 241 605 286 decus
616 239 661 286 luci

210 303 351 353 Commendo
361 305 433 366 pinus,
445 305 552 365 ilicesque
564 303 700 361 Faunorum,

209 367 243 416 Et
254 367 376 416 semidocti
386 370 454 415 villici
466 385 534 415 manu
546 378 642 416 structas

208 433 320 482 Tonantis
331 447 386 487 aras,
398 435 526 494 horridique
538 435 630 488 Silvani,

209 499 274 554 Quos
285 500 352 544 tinxit
363 500 416 560 agni
429 515 490 560 saepe
500 501 599 560 sangaris,
611 507 650 547 aut
660 501 737 558 lraedi3

209 563 377 623 Dominamque
388 565 458 613 sancti
469 565 580 625 virginem
593 563 668 611 Deam
679 568 766 629 templi,

208 627 242 676 Et
252 644 319 689 quem
331 629 414 692 sproris
425 629 536 690 hospitem
548 629 611 676 vides
622 637 690 678 eustae

208 693 316 748 Martem,
327 709 428 739 mearum
440 695 561 756 principem
574 693 744 754 Kalendarum

208 757 242 806 Et
252 758 354 806 delicatae
363 758 464 804 laureum
476 773 560 813 nemus,
568 757 650 814 Flore,

209 821 238 868 In
250 824 316 884 quod,
328 822 412 883 Priapo
423 831 576 883 persequente
588 824 698 886 confugit.

209 886 264 934 Hoc
275 903 342 933 omne
353 887 419 948 agelli
431 889 486 934 mite
496 887 583 950 parvuli
594 904 679 936 numen

208 953 255 1000 Seu
266 961 290 999 tu
302 967 387 1006 cruore,
400 953 448 1000 slve
459 955 524 1000 thure
534 953 644 1014 placabin

209 1016 352 1077 Ubicumque
362 1023 439 1064 noster
450 1017 563 1064 Martialis
573 1025 615 1073 est,
627 1020 695 1074 dices,

207 1080 268 1136 Hac,
280 1097 339 1136 ecce,
351 1097 439 1130 meeum
451 1081 545 1130 dexteri
555 1083 604 1130 litut
615 1085 679 1130 volsis

206 1146 296 1193 Absens
307 1147 427 1204 sacerdos;
443 1163 486 1194 vos
496 1155 572 1208 putate
582 1157 723 1208 praesentenn

205 1208 239 1258 Et
250 1212 301 1258 dete
312 1213 404 1266 duobus,
417 1213 524 1273 quidquid
534 1213 591 1258 alter
601 1212 690 1275 optlrit.

367 1343 405 1386 95.
423 1341 463 1386 An
475 1341 623 1388 Clementem.

175 1467 200 1516 si
207 1468 271 1579 prior
282 1467 410 1531 Euganeas,
424 1467 537 1522 Clemens,
550 1468 684 1518 Helicaonis
694 1485 753 1526 oras,

228 1534 316 1594 ictaque
327 1534 450 1595 pampineis
461 1533 543 1580 videris
554 1549 607 1580 arva
614 1536 692 1596 jugis;

173 1597 252 1645 Perfer
264 1599 376 1644 Atestinae
388 1598 488 1646 nondum
499 1599 592 1660 milgata
604 1600 693 1649 Sabinae

206 1661 319 1716 Cannina,
331 1661 442 1724 purpurei
453 1664 492 1709 sed
503 1665 571 1715 modo
582 1672 633 1712 suta
643 1664 705 1727 togi-

173 1725 208 1774 Ut
220 1743 270 1774 rosa
281 1728 382 1782 delectat,
394 1728 486 1774 metitur
496 1741 548 1788 quae
558 1729 640 1790 pollice
649 1730 728 1792 primo,

205 1792 243 1840 Sic
254 1808 319 1847 nova,
332 1808 374 1839 nec
385 1801 463 1840 mento
474 1794 570 1849 sordida,
582 1795 660 1842 charta
666 1797 739 1858 juvat.

300 1925 338 1969 94.
355 1922 529 1984 quusculum
540 1923 677 1970 Pomorum·

172 2048 229 2098 Non
240 2065 290 2096 mea
301 2050 419 2112 Massylus
430 2059 504 2098 servat
514 2051 614 2113 pomaria
624 2065 722 2113 serpens,

203 2115 292 2178 Regius
304 2116 395 2162 Alcinoi
407 2132 448 2162 nec
460 2118 514 2164 mihi
526 2118 596 2163 servit
607 2131 676 2178 ager:

172 2179 219 2227 Sed
230 2179 377 2228 Nomentani
387 2197 479 2228 securus
490 2183 602 2242 germinat
613 2183 691 2228 hortus

203 2244 291 2292 Arbore
300 2263 307 2302 ;
326 2243 367 2292 nec
378 2247 451 2293 iurem
462 2247 566 2308 plumbea
576 2246 636 2292 mala
646 2246 735 2292 timent.
765 2281 771 2288 .

170 2307 232 2355 Haec
242 2310 317 2370 igitur,
329 2309 403 2357 mediol
413 2327 463 2372 quae
475 2320 528 2358 sunt
538 2313 593 2357 mihi
605 2318 657 2357 nata
668 2307 762 2367 Subori,

203 2372 319 2423 Mittimus
331 2378 445 2422 auctumni
456 2391 521 2424 cerea
530 2391 598 2438 poma
607 2376 660 2422 mei.

256 2525 264 2532 ·
364 2506 403 2552 95.
420 2506 461 2552 Aa
481 2507 582 2554 aonam.

168 2617 287 2674 Infantem
294 2630 333 2676 tibi
344 2631 386 2686 vir,
397 2633 444 2688 tibi,
457 2634 531 2688 Galla,
544 2635 631 2684 remisit
641 2634 735 2685 adulor.

200 2690 243 2748 Hi,
253 2701 315 2755 puto,
327 2709 373 2743 non
385 2697 450 2746 dubie
461 2713 486 2746 se
495 2698 592 2748 futuisse
603 2695 697 2764 negant
