1864 2922
176 115 226 167 ³³6.
416 107 611 160 MARTIALIS

414 306 453 353 75.
468 305 507 359 De
519 306 612 354 Pueris.

242 435 345 483 Festinat
357 433 486 495 Polytimus
497 435 525 480 nd
535 435 636 496 puellssr

241 498 331 548 Invitus
342 514 436 561 puerum
447 498 529 546 fatetur
541 497 665 560 Hymnus:

242 565 323 612 Pastas
334 565 417 626 glande
427 571 491 610 nates
501 565 567 611 habet
579 563 696 611 Secundus
705 581 711 610 r

241 629 323 678 Mollis
334 627 465 690 Dindymus
476 635 517 684 est,
530 629 569 676 red
580 643 687 676 essenon
697 628 763 677 vult:

240 695 357 756 Amphion
369 695 442 756 potuit
452 693 526 756 puello
536 695 606 740 nasei.

240 759 333 806 Horum
344 759 440 812 delicias,
452 759 627 820 superbiamque,

241 824 275 872 Et
285 823 357 872 fustus
369 823 481 884 querulos,
493 817 572 878 amice,
583 823 651 878 molo,

242 888 318 944 Qus'm
329 889 387 936 dotis
398 888 453 934 mihi
464 887 582 950 quinquies
593 889 686 935 ducens.

369 1023 409 1068 76.
424 1020 464 1068 De
475 1019 596 1082 Agricola.

176 1150 294 1212 Amphora
304 1150 408 1213 vigosolo,
419 1149 507 1198 modius
519 1151 583 1198 tumr
594 1165 639 1198 aere
650 1157 766 1212 quaterno.

208 1216 292 1310 librius
302 1223 326 1264 et
336 1215 419 1264 crudus
429 1216 462 1262 nil
472 1216 539 1263 habet
549 1215 654 1279 agricole.

368 1345 408 1392 77.
422 1344 462 1393 De
473 1345 592 1392 AErlonte.

239 1474 323 1523 Multis
333 1474 386 1522 dnm
396 1476 500 1536 precibus
510 1474 593 1524 Jovem
605 1475 693 1530 salutat,

239 1539 308 1588 Stans
319 1555 419 1588 summos
431 1541 548 1602 resupinus
558 1540 664 1600 usquein
675 1552 771 1602 unguas,

240 1605 329 1652 AEtlson
340 1606 364 1651 in
376 1603 496 1668 Capitolio,
507 1606 603 1668 pepedit.

236 1669 348 1717 Riserunt
358 1671 465 1717 comites:
485 1670 525 1717 sed
534 1671 582 1732 ipse
593 1668 683 1717 Divum

237 1734 345 1783 Offensus
355 1735 452 1797 genitor,
464 1735 585 1782 trinoctiali

237 1798 323 1846 Affeoit
333 1800 468 1846 domicoenio
480 1801 593 1846 clientem.

236 1863 295 1913 Post
304 1865 348 1914 hoc
358 1864 476 1926 flagitium,
488 1864 589 1912 misellus
600 1863 695 1918 AEtlron,
778 1859 785 1868 “

237 1927 298 1978 Cum
309 1929 359 1976 vult
369 1929 393 1974 in
407 1925 543 1992 Capitolium
554 1929 638 1985 venire,

237 1993 310 2042 Sellas
320 2001 373 2040 unte
383 1995 440 2054 petit
451 1992 612 2048 Patroclianns,
631 2021 634 2028 ·
700 2039 701 2043 ,

236 2057 271 2107 Et
281 2055 477 2120 pedit'deoiesque,
489 2059 609 2118 violesque.

236 2123 289 2179 Sed,
300 2123 402 2184 quumvis
414 2124 454 2170 sibi
465 2124 550 2170 caverit
561 2123 679 2184 crepando,

235 2187 377 2252 Compressis
387 2188 475 2236 nribus
485 2187 569 2237 ,lovem
580 2188 668 2236 munt.

364 2319 402 2364 78.
418 2317 458 2364 De
468 2319 553 2365 eodem.

167 2437 231 2486 Ante
241 2438 311 2488 Jovis'
319 2448 415 2491 statuero
426 2445 513 2505 crepuit
523 2449 585 2492 satur
595 2444 686 2494 histrio:
704 2457 800 2508 poennrn

183 2515 185 2520 ’
198 2501 288 2567 Jupiter
297 2506 384 2579 indixit,
396 2509 473 2560 virere
483 2509 512 2558 de
521 2509 619 2574 proprio.
