1924 2912
219 503 290 606 'm
313 539 416 606 vnn.
439 535 725 612 usnamns
807 631 811 640 Ι

179 723 745 826 EPIGRAMMATUM

335 933 442 982 urana
460 915 601 983 namus.

302 1341 430 1398 Emona,
441 1357 475 1390 an
492 1337 635 1400 Lacaenam

169 1533 249 1580 Sarno
267 1548 305 1580 me
320 1538 422 1580 secutum
435 1534 459 1580 in
472 1531 553 1580 libellis
564 1533 620 1582 mais
631 1533 677 1580 tale
687 1537 799 1594 tempera·

136 1605 246 1654 mentum,
263 1605 290 1644 ut
300 1597 328 1644 de
338 1597 382 1644 illis
393 1599 456 1658 queri
468 1613 514 1644 non
529 1599 606 1660 possit,
624 1598 724 1660 quisquis
735 1597 764 1642 de
774 1611 800 1653 se

135 1664 193 1711 bene
204 1663 305 1717 senserit,
322 1677 374 1708 cum
386 1661 448 1710 saiva
458 1661 584 1724 infimarum
595 1677 683 1724 quoque
693 1675 800 1724 persons·

136 1743 186 1774 rum
201 1725 327 1774 reverentia
339 1727 433 1783 ludant;
451 1743 503 1788 quse
516 1727 571 1774 adeo
587 1727 683 1788 antiquis
702 1725 800 1792 auctori-

137 1794 179 1839 bus
197 1791 274 1847 deluit,
294 1799 320 1838 ut
338 1792 465 1838 nominibus
487 1807 533 1840 non
552 1799 641 1840 tantum
659 1791 719 1840 veria
738 1790 800 1854 aliusi

138 1858 190 1912 sint,
208 1857 332 1904 sedetiam
350 1857 446 1918 magnis.
479 1857 513 1904 At
528 1855 582 1902 mihi
597 1855 733 1904 lamavilins
745 1869 800 1902 coa·

137 1929 188 1978 stet,
196 1929 220 1968 et
229 1921 335 1984 probetur
345 1923 369 1968 in
381 1936 418 1968 me
428 1921 575 1970 novissimum
586 1921 710 1982 ingenium.
734 1911 802 1970 Absit

134 1985 151 2034 'a
157 1989 266 2050 jocorum·
274 1993 402 2033 nostrorum
414 1985 556 2048 simplicitate
562 1985 676 2046 malignus
684 1985 801 2048 interpres,

137 2067 180 2098 nec
199 2051 372 2114 Epigrammata
388 2065 438 2098 mea
455 2049 543 2096 scribat
575 2047 751 2110 unprobefaeit,
762 2049 800 2109 qui

77 2117 161 2180 puin
172 2117 245 2163 alieno
255 2116 312 2162 libro
323 2115 453 2177 ingeniosus
469 2122 511 2160 est.
543 2113 662 2162 Lascivam
681 2113 801 2160 verborum

136 2182 262 2236 veritatem,
279 2181 303 2226 id
320 2188 361 2236 est,
376 2175 565 2242 Epigrammata
581 2179 690 2240 linguam,
707 2191 802 2224 excusa·

137 2261 193 2301 rem,
212 2247 231 2291 si
242 2261 317 2292 meum
328 2252 388 2291 esset
398 2237 541 2306 eacmplum':
561 2244 593 2290 sic
604 2243 680 2290 scribit
691 2240 802 2298 Catullus,

139 2312 172 2357 sic
183 2309 283 2364 Marsus,
294 2311 327 2356 sic
343 2308 412 2366 Pedo,
430 2311 462 2356 sic
475 2308 609 2362 Gaetnlicns,
625 2309 656 2354 sic
667 2307 803 2374 quicumque

137 2376 268 2438 perlegitur.
301 2374 376 2436 Siquis
393 2383 469 2422 tamen
480 2381 526 2420 tam
538 2373 653 2428 ambitiose
672 2371 742 2418 tristis
760 2377 802 2427 est,

139 2447 166 2486 ut
177 2441 237 2502 apud
246 2439 309 2486 illum
320 2439 344 2486 in
355 2437 417 2486 nulli
433 2436 516 2502 pagina
534 2435 617 2485 Latine
633 2437 694 2496 loqui
713 2433 747 2482 sas
766 2436 802 2498 sit,

138 2511 215 2568 potest
233 2501 334 2566 epistolii,
359 2503 397 2550 vel
420 2503 496 2565 potius
518 2501 590 2554 titulo,
610 2505 729 2546 contentus
747 2511 805 2544 esse·

139 2569 312 2632 Epigrammata
332 2567 378 2614 illis
399 2565 533 2619 scribuntur,
552 2565 591 2623 qni
612 2561 686 2608 solent
704 2567 805 2621 spectare

140 2632 251 2683 Florales.
294 2631 351 2680 Non
373 2631 442 2678 intret
464 2627 523 2678 Cato
550 2628 662 2674 theatrum
686 2629 806 2684 nostrumi
901 2681 925 2688 ἆ
