1922 2916
229 81 525 148 neronnmnuruu'
540 99 662 150 mvn„
731 101 777 148 ros

115 217 171 266 Hoc
181 219 221 268 tibi
231 237 273 284 pro
283 225 376 280 meritis,
387 234 410 272 et
420 229 501 276 talibus
511 231 621 292 imprecor
631 231 698 286 ausis,

149 283 184 333 Ut
194 285 262 336 iacias
273 290 334 346 illud,
346 291 412 351 quod,
423 305 484 354 puto,
496 295 581 357 lingua,
593 297 657 344 sacis»
792 300 795 310 “

307 421 346 467 25.
362 421 396 468 In
406 423 497 469 molum
508 425 611 471 Politom.

116 541 202 590 Dulcia
212 561 264 592 curn
276 553 363 594 tanturn
375 550 456 596 scribas
465 551 627 613 epigrammata
638 567 731 616 temper,
806 539 811 554 ¹

148 607 182 654 Et
193 611 305 658 cemssua
315 615 442 660 candidiora
452 624 517 672 cute;

115 670 231 734 Nullaque
241 677 299 722 mica
311 678 369 732 salis,
381 693 422 724 neo
434 681 503 726 arnari
513 680 572 727 sellis
582 682 605 728 in
616 683 660 730 illis

148 738 221 785 Gutta
232 741 274 796 ait;
292 757 306 786 o
319 743 417 798 demens,
429 743 464 789 vis
476 751 550 791 tamen
562 745 600 793 illa
609 747 667 810 legi!

117 799 169 847 Nec
180 804 242 849 cibus
252 805 372 868 ipsejurat
382 822 459 854 morsu
469 807 583 856 fraudatur
593 813 667 868 aceti3

150 866 201 912 Nec
211 875 276 928 grata
286 877 321 916 est
332 869 407 926 facies,
419 873 454 918 cui
465 873 579 934 gelasinus
590 876 659 922 abeat.

118 927 204 977 Infanti
216 934 327 982 melimela
337 935 395 992 dato,
406 935 523 998 fatuasque
534 941 652 988 mariscos:

150 995 211 1042 Nam
223 998 283 1055 mihi,
295 1015 346 1060 quae
357 1002 421 1047 novit
431 1016 538 1064 pungere,
551 1001 609 1052 Chia
619 1005 683 1067 sapit.

209 1123 248 1172 96.
265 1128 378 1176 &camur
388 1129 461 1177 outtit
470 1132 501 1178 ad
511 1131 677 1194 Apollinarem.

148 1253 303 1315 Apollinarem
314 1258 410 1304 conveni
420 1273 503 1314 meum,
516 1259 612 1317 Sonam,
676 1272 679 1281 ¹

147 1317 186 1372 Et,
199 1319 218 1365 ai
230 1321 322 1375 vacabit,
334 1322 375 1384 (ne
386 1323 493 1370 molestus
504 1325 607 1386 accedas)
676 1336 680 1341 '

149 1380 204 1430 Hoc
214 1384 381 1446 qualecumque,
393 1388 456 1449 cujus
467 1389 540 1449 aliqua
550 1405 602 1451 pars
612 1391 660 1452 ipse
670 1399 712 1447 est,

147 1445 234 1494 Dabis:
254 1449 297 1495 hoo
307 1449 403 1497 facetum
415 1467 504 1499 carmen
515 1455 615 1502 imbuant
625 1471 698 1503 aures.

148 1511 173 1558 Si
184 1519 208 1558 te
218 1519 331 1574 receptum
342 1513 417 1562 fronte
427 1517 509 1563 viderit
520 1516 573 1574 toti,

146 1575 210 1623 Noto
221 1579 311 1638 rogabis
322 1586 347 1624 ut
357 1579 435 1628 favore
446 1589 563 1630 sustentet.

148 1639 242 1694 Quanto
252 1657 360 1700 mearum,
372 1645 423 1700 aeis,
435 1660 511 1692 amore
521 1663 632 1709 nugarum

146 1703 256 1766 Flagret:
276 1721 317 1754 nec
328 1708 376 1770 ipse
386 1709 436 1770 plus
447 1725 521 1756 amare
533 1720 555 1758 te
565 1721 666 1774 possum.

146 1766 234 1817 Contra
244 1771 355 1833 malignos
366 1789 416 1820 esse
426 1775 446 1824 oi
457 1777 520 1836 cupis
531 1783 600 1830 tutus,

144 1834 299 1896 Apollinum
311 1841 406 1885 conveni
418 1853 499 1896 meum,
513 1840 614 1887 Scazon.

146 2025 152 2038 .
208 1967 247 2012 at.
263 1965 303 2013 De
313 1967 379 2028 Apro
390 1969 434 2016 sibi
444 1986 459 2014 o
470 1971 559 2018 Dextro
570 1971 644 2018 nauso.

112 2095 196 2143 Tuaoae
207 2097 297 2159 glandis
308 2114 360 2160 aper
370 2101 494 2162 populator,
507 2108 530 2148 et
540 2100 590 2148 ilice
601 2101 672 2149 rnultd
752 2107 753 2110 ’

143 2160 196 2209 Jatn
207 2163 278 2223 piger,
290 2163 376 2210 AEtolae
387 2165 446 2212 sama
456 2167 554 2213 secunda
564 2166 625 2220 serae,

112 2224 188 2280 Quem
196 2233 264 2273 meus
274 2229 366 2274 intravit
376 2231 500 2290 splendenti
512 2231 603 2291 cuspide
614 2227 710 2286 Dexter,

144 2289 226 2338 Praedn
232 2293 294 2355 jacet
304 2293 386 2339 nostris
396 2295 506 2341 invidiosa
516 2294 580 2342 focis.

111 2353 265 2416 Pinguescant
275 2357 363 2404 madido
374 2358 421 2404 laeti
432 2359 510 2405 nidore
521 2358 633 2416 Penatea3

143 2417 238 2481 Flagret
248 2428 271 2468 et
282 2423 359 2468 exciso
369 2421 428 2468 festa
438 2423 512 2470 culino
517 2425 583 2486 jugo.

110 2484 156 2532 Sed
168 2499 253 2545 coquus
263 2487 379 2547 ingentem
390 2488 472 2550 piperis
480 2496 597 2534 consumet
607 2501 722 2542 acervum,
753 2493 755 2502 '

142 2547 254 2600 Addstet
264 2565 346 2598 ucauo
357 2552 429 2598 mixta
440 2549 537 2600 Falerna
547 2567 612 2614 gero·

193 2623 196 2627 ’
532 2631 550 2668 0
