1922 2916
150 108 200 152 204
386 101 579 162 ussurus

154 233 256 288 Defluat,
267 239 291 279 et
299 233 363 278 lento
374 233 513 294 splendescat
523 233 611 280 turbide
621 235 676 280 limo

186 299 304 360 Amphora
313 304 408 344 centeno
420 296 511 344 co'nsule
521 297 580 344 taem
590 299 671 346 minor.
731 354 734 360 Ι

156 363 281 424 continget
291 377 338 410 nux
348 363 436 422 quando
447 363 503 408 meis
514 369 560 408 tam
571 363 664 410 candida
674 365 777 412 mensis?

187 428 246 476 Tun
252 429 316 490 justo
327 427 414 473 debitur
424 427 512 487 quaudo
524 428 595 474 eslere
607 429 688 474 mero?
709 449 712 452 ·

158 493 219 542 Cum
230 501 259 546 te,
272 491 359 546 Flscce,
371 493 425 536 milri
436 491 512 538 reddet
521 489 643 552 Cythereie
655 492 751 556 Cyprus

191 557 300 604 Luxuriae
309 555 349 602 fiet
360 564 405 603 tam
416 558 475 603 bone
485 572 552 604 causa
561 571 627 604 meae.

318 690 358 750 464.-
366 687 415 752 ‘Aa
428 687 518 734 Cestum
531 689 644 734 Pumm.

162 815 254 871 (brenta
264 821 304 862 tua
313 823 348 862 est
358 815 461 877 probitas,
475 823 559 875 quauta
569 823 604 862 est
614 815 708 865 hufantie
718 815 808 874 sortuae,

195 879 264 930 Ceste
274 895 336 942 puer,
347 891 417 942 puero
428 881 509 926 castior
521 879 647 942 Hippolyto
655 881 667 928 !·

162 945 199 992 Te
210 960 286 992 secum
298 943 375 991 Diana
384 945 446 998 velit,
458 943 574 1005 Dorisque
585 952 676 992 uetere:

195 1009 232 1056 Te
243 1007 329 1071 Cybele
340 1016 412 1056 totum
423 1009 499 1056 mullet
510 1009 590 1060 habere
602 1009 701 1072 Phryga·

164 1073 202 1122 Tu
214 1074 363 1134 Ganymedeo
373 1081 465 1135 poteras
475 1074 594 1120 succedere
604 1075 681 1132 lecto;

199 1139 244 1186 Sed
254 1140 322 1186 durus
333 1139 423 1184 domino
433 1137 494 1188 basis
506 1139 553 1184 sols
563 1139 634 1185 dares.

166 1205 239 1260 Felix,
251 1219 301 1264 quae
312 1210 415 1250 tenerum
426 1205 515 1249 vexabit
527 1215 608 1263 sponsa
618 1205 730 1261 maritum,

199 1269 232 1316 Et
242 1283 293 1330 quae
303 1274 327 1315 te
336 1267 406 1315 faciet
413 1267 485 1329 prims
494 1268 570 1330 puelle
579 1268 665 1318 virum!
684 1301 687 1308 -

315 1401 316 1406 ’
327 1400 367 1444 47.
382 1399 414 1445 Iu
424 1399 489 1462 uarie
500 1412 523 1444 se
535 1399 675 1446 tondemem.

169 1529 227 1579 Pars
237 1529 377 1576 maxillarum
389 1535 455 1574 tonsa
465 1534 500 1574 est
510 1528 555 1583 tibi,
567 1544 619 1590 pars
629 1529 668 1576 tibi
679 1544 730 1576 ruse
739 1538 784 1588 est,

203 1593 260 1642 Pers
271 1594 335 1642 vulsa
346 1600 391 1640 est:
410 1608 480 1639 unum
491 1594 541 1654 quis
551 1601 615 1655 putet
626 1609 676 1642 esse
686 1595 772 1663 esput?

330 1728 370 1770 48.
385 1724 425 1771 De
436 1721 519 1772 About
531 1724 643 1784 Crispini.

170 1855 253 1906 Nescit
264 1855 300 1902 cui
311 1854 396 1910 dederit
406 1851 499 1914 Tyriam
512 1851 629 1916 Crispinus
640 1853 743 1910 abolleuq
791 1851 795 1858 '

203 1921 269 1969 Dum
279 1927 353 1966 mutet
362 1919 442 1973 cultus,
453 1918 595 1979 induiturque
606 1925 690 1980 togam.

173 1987 281 2047 Quisquis
287 1985 360 2038 habes,
368 1982 467 2029 humeris
475 1997 515 2029 sua
521 1998 614 2029 munere
620 1983 694 2038 redde,
701 1993 832 2046 precentur}

207 2049 263 2098 Nou
274 2051 317 2096 hoc
330 2047 448 2110 Crispinus
460 2055 489 2102 te,
502 2047 541 2094 sed
552 2048 630 2102 abolla,
642 2058 715 2110 roget.

171 2116 228 2165 Non
239 2115 373 2177 quicumque
383 2113 443 2176 cepit
454 2120 562 2160 saturatus
573 2113 658 2159 murice
669 2119 762 2171 uesieu

206 2180 259 2228 Nec
269 2180 313 2226 uisi
324 2178 408 2226 deliciis
419 2178 524 2224 convenit
534 2177 577 2224 iste
588 2178 657 2224 color.

174 2249 198 2297 Si
210 2255 233 2294 te
242 2244 319 2308 praede
324 2245 396 2306 juvat,
407 2242 506 2303 foediqus
516 2242 602 2290 insanis
610 2243 673 2298 lucri,

207 2309 262 2367 Qut
270 2309 343 2372 possis
352 2307 432 2355 melius
441 2306 525 2362 fellere,
537 2322 600 2354 sume
611 2315 696 2370 togam.

335 2440 375 2484 49.
391 2437 430 2485 De
441 2436 525 2498 Aspre

175 2564 309 2612 Fonnossm
319 2564 391 2626 plene,
403 2566 443 2612 sed
453 2579 533 2620 caecus,
545 2563 618 2628 diligit
629 2564 711 2628 Asper.
800 2587 816 2610 ‘.

210 2629 266 2676 Plus
278 2643 340 2692 ergo,
352 2637 378 2677 ut
389 2645 424 2678 res
436 2637 476 2686 est,
489 2645 556 2692 quam
567 2629 634 2687 videt,
647 2631 800 2694 Asper-ames
