1924 2912
245 129 539 178 EPIGRAMMATUM
557 129 609 178 Lan
622 127 670 177 llL
752 123 781 170 81

159 259 278 323 Fugatque
289 277 377 309 muscas
388 261 475 323 myrtei
486 277 541 324 puer
550 261 622 324 virgi.

159 325 274 373 Percurrit
284 327 338 388 sgili
349 343 429 388 eorpus
440 337 488 374 arte
498 327 622 378 tractatrix.

158 389 300 453 Manumque
311 392 398 438 (loetum
410 393 495 454 spargit
506 391 608 438 omnibus
619 387 738 436 membris:

161 453 235 516 Digiti
246 457 356 518 crepantis
368 457 431 518 signs
442 457 505 502 novit
516 457 638 512 eunuchus,

158 517 193 564 Et
203 520 303 568 delicatae
315 523 432 566 suscitstor
443 522 514 566 urinae

158 581 256 630 Domini
265 585 360 632 bibentis
371 586 455 631 ebrium
467 585 525 648 regit
536 599 623 647 penem.

159 647 194 694 At
201 649 249 710 ipse
260 656 320 695 retro
331 649 403 696 flexus
414 650 442 696 sd
452 650 533 710 pedum
545 651 639 704 tsrrbsm

160 709 225 758 Inter
236 713 326 760 catellas
337 729 440 760 anserum
451 723 504 759 exta
515 714 645 769 lambentes,

160 775 261 823 Partitur
271 782 317 840 apri
328 778 446 840 glandulas
455 779 590 840 palestritis,

160 839 194 887 Et
204 843 328 888 concubino
339 849 450 888 turturum
462 852 525 889 nates
536 843 617 890 donst:

159 903 317 967 Ligurumque
327 907 391 953 nobis
401 921 455 953 ssxe
465 921 516 953 earn
527 908 688 961 ministrentur,

160 969 207 1016 Vel
217 977 281 1016 cocta
291 971 359 1018 furnis
370 979 443 1018 musta
455 971 617 1029 Massilltsnls;

160 1033 304 1095 Opimianum
315 1037 452 1082 morionibus
462 1043 540 1082 nectar

161 1096 349 1160 Crystallinisque
359 1101 523 1162 mymhinisque
533 1101 641 1164 propinet

160 1161 195 1210 Et
207 1161 334 1210 Cosmianis
344 1165 392 1225 ipse
399 1163 462 1210 susus
473 1163 582 1226 ampullis,

161 1225 218 1273 Non
228 1229 338 1274 erubescit
348 1229 433 1274 murice
443 1244 510 1276 aureo
521 1229 585 1276 nobis

161 1289 272 1338 Dividere
282 1293 377 1339 moechae
388 1295 490 1354 pauperis
501 1293 611 1355 capillare.

163 1355 277 1417 septum
287 1357 359 1402 multo
370 1358 449 1404 deinde
459 1358 558 1418 perditus
569 1359 652 1405 stertit:

161 1417 213 1466 Nos
224 1423 371 1478 accubarnuss
383 1429 411 1476 et,
424 1422 535 1468 silentium
544 1423 633 1469 ronchis

162 1483 275 1530 Praestare
281 1486 347 1546 jussi,
358 1486 448 1532 nutibus
459 1487 608 1548 propinamus.

163 1546 217 1594 Hos
228 1547 365 1595 Malchionis
376 1551 472 1610 patimur
480 1551 573 1612 improbi
584 1549 655 1598 fastus
661 1567 671 1608 ς

162 1611 215 1659 Neo
225 1613 344 1670 vindicare,
356 1613 424 1669 Rure,
435 1629 564 1676 possumus:
578 1614 646 1662 fellat.

353 1745 391 1788 85.
408 1743 564 1790 Its-Coclitem.

131 1870 168 1918 Ut
178 1869 257 1917 iscium
267 1871 369 1926 breviore
379 1885 459 1918 mones
469 1871 636 1934 epigrammata,
648 1867 737 1919 Coeles·

164 1933 211 1981 Fac
222 1935 283 1992 mihi,
295 1937 355 1997 quod
366 1934 454 1984 Chione
465 1935 528 1982 :non
539 1937 601 1998 potui
611 1935 707 1982 brevius.

355 2067 394 2110 84.
409 2066 441 2120 In
455 2067 623 2126 Tongrls'onem.

199 2191 260 2245 Quid
271 2201 345 2240 nerrst
356 2199 396 2239 tue
405 2193 512 2239 moeeha?
529 2209 575 2239 non
585 2191 681 2254 puellam

197 2255 261 2311 Dixi,
273 2256 403 2318 Tongilion.
420 2257 482 2312 Quid
492 2257 564 2320 ergo?
582 2255 704 2318 Linguam.

356 2388 394 2433 85.
411 2388 451 2434 Ad
461 2388 583 2433 Maritum.

131 2515 193 2568 Quis
203 2515 242 2559 tibi
253 2515 362 2576 persuasit
373 2529 438 2561 nares
449 2513 577 2562 abscindere
587 2507 694 2556 moeoho?

73 2589 77 2600 “
165 2577 221 2624 Non
231 2579 273 2625 hee
284 2588 400 2640 perenm
412 2588 446 2625 est
456 2587 525 2641 peste,
537 2576 623 2628 marite,
634 2573 680 2617 tibi.
777 2599 782 2607 ι

131 2643 214 2696 Stulte,
226 2644 279 2703 quiri
289 2643 375 2704 egisti?
387 2643 444 2688 nihil
454 2643 489 2688 hio
500 2649 540 2688 tus
549 2637 645 2701 perdidit
655 2647 721 2685 uxor,

164 2705 223 2756 Cum
235 2708 264 2753 sit
275 2708 337 2754 salva
348 2707 382 2754 sui
393 2707 494 2754 mentula
504 2701 626 2765 Deiphobi.
