1916 2918
149 117 223 165 Μ
295 84 298 88 ’
371 103 631 156 ¹rsrssarsssus'

366 307 407 350 50.
422 304 455 352 Iu
469 301 570 350 Zoilum.

175 440 209 488 Os
219 438 279 485 male
289 435 406 482 causidicis
417 441 441 480 et
451 435 506 481 dicis
517 433 578 480 olere
587 405 675 496 politis.

208 503 253 552 Sed
262 501 366 555 fellatorl,
378 499 450 554 Zoile,
461 500 525 561 peius
535 499 590 545 olet.

336 659 343 666 -
364 633 405 676 31.
421 627 596 676 Iso-cacatum.

238 759 325 806 Atreus
336 754 443 804 Caecilius
453 755 618 802 cucurbitarum

238 825 277 870 Sic
288 823 344 876 illas,
355 821 418 880 quasi
429 818 487 865 filios
498 817 613 880 lbyestae,

239 887 268 934 Iu
279 895 354 950 partes
364 885 454 938 lacerat,
467 893 573 945 secatque
583 885 651 932 millo

239 952 316 1000 Gustu
326 951 429 1012 protinus
440 950 480 995 has
491 950 544 995 edes
554 951 578 996 iu
589 951 637 1011 ipso
646 967 654 1006 ;

233 1017 292 1064 ,Has
301 1015 374 1078 primis
383 1014 447 1068 seret,
459 1013 557 1061 alterive
568 1013 651 1072 coeui3

239 1081 292 1129 Has
304 1077 372 1128 coeub
381 1079 420 1126 tibi
431 1077 498 1126 tersit
508 1087 608 1141 reponet.

237 1146 303 1193 Hinc
313 1159 374 1192 serus
384 1145 520 1206 epidipnidas
529 1145 631 1206 parabus
700 1174 702 1178 -

235 1211 301 1258 H'asc
310 1211 383 1272 pistor
389 1209 462 1256 fatuas
470 1209 525 1255 lacit
534 1210 664 1270 plsoeutas3

237 1275 303 1322 Hinc
314 1283 338 1321 et
347 1275 481 1334 multiplices
492 1275 558 1320 struit
568 1275 667 1330 tabellas,

237 1339 347 1388 Iit-notas
357 1339 483 1399 caryotidas
493 1339 599 1386 theatris:

237 1405 302 1452 nire
312 1405 359 1450 exit
369 1405 456 1450 varium
468 1415 540 1462 coquo
551 1405 652 1459 minutal,

219 1466 221 1470 ’
238 1469 274 1517 Ut
284 1471 366 1516 lentem
378 1470 473 1530 positam
485 1467 602 1528 fabamque
614 1467 706 1516 credass

237 1533 332 1582 Boletos
342 1535 446 1586 imitatur,
459 1541 482 1578 et
492 1533 592 1588 botellos,

237 1598 272 1648 Et
282 1599 375 1646 osudam
387 1599 452 1658 cybii,
463 1599 588 1658 brevesque
598 1613 698 1646 manas:

238 1663 303 1710 Hinc
314 1663 416 1709 cellarius
427 1663 540 1723 experitur
551 1669 617 1718 artes,

238 1728 274 1776 Ut
284 1728 366 1775 condat
377 1728 439 1774 vario
451 1726 515 1772 valer
525 1743 606 1788 sspore

236 1792 266 1840 In
274 1801 334 1839 -rutae
344 1792 423 1838 lolium
435 1790 579 1854 Capelliauae.

238 1858 276 1904 Sic
287 1858 365 1918 implet
375 1858 474 1919 gabatas,
485 1858 664 1919 paropsidesque,

236 1922 270 1970 Et
280 1923 350 1969 laeves
361 1921 465 1975 scutulas,
477 1937 588 1982 casuque
598 1923 681 1970 lances.

236 1987 292 2034 Hoc
303 1987 389 2050 lautum
401 1993 471 2048 putat,
483 1987 525 2032 boc
536 1995 601 2048 putat
611 1995 741 2044 venustum,

236 2051 315 2100 Unum
327 2065 411 2113 ponere
421 2050 512 2097 leserffls
523 2059 557 2098 tot
568 2067 648 2100 assem.

361 2185 401 2227 52.
416 2183 449 2228 Its
459 2183 589 2229 Nestorem.

170 2310 222 2359 Nec
233 2317 293 2371 toga,
305 2323 348 2356 nec
358 2309 423 2356 locus
434 2318 475 2362 cst,
487 2326 529 2357 nec
541 2313 607 2358 tritus
619 2313 697 2360 cimice
707 2307 788 2371 lectus,

200 2374 252 2422 Nec
262 2373 301 2419 tibi
311 2373 340 2419 de
349 2371 423 2420 bibuli
433 2383 493 2422 sarta
502 2377 583 2436 palude
592 2384 672 2438 teges;

168 2439 221 2486 Nec
232 2453 293 2500 puer,
305 2446 343 2483 aut
354 2440 429 2492 senior
435 2457 443 2495 ;
461 2441 522 2486 nulla
532 2450 567 2498 est
578 2442 665 2496 sucills,
678 2459 719 2489 nec
727 2444 814 2503 infans,

202 2500 254 2548 Nec
265 2516 320 2554 sera,
332 2517 374 2548 nec
385 2503 516 2558 clavis,1nee
527 2505 597 2560 cauis,
607 2513 675 2567 atque
685 2508 751 2556 calix.

169 2564 206 2612 Tu
218 2571 292 2612 umen
304 2565 400 2621 affectes,
413 2566 505 2624 Nestor,
518 2570 561 2616 dici
573 2577 640 2630 atque
650 2573 722 2618 videri

199 2628 303 2692 Pauper;
320 2636 343 2676 et
353 2631 377 2676 iu
387 2633 470 2694 populo
481 2635 564 2694 quaeris
575 2635 657 2682 babere
667 2637 753 2687 locum.
