1864 2922
146 193 149 198 ,
209 141 505 194 EPIGRAMMATUM
521 145 574 192 Lrs.
585 143 646 194 XII.

256 331 258 334 ’
297 341 337 384 32.
354 339 387 385 In
404 339 536 386 Vacmam.

123 464 145 512 Ο
157 465 268 513 Juliarum
280 465 376 514 dedecus
389 466 549 521 Kalendarum.

122 529 183 588 Vidi,
195 531 302 592 Vacerra,
315 534 413 580 sarcinas
425 541 490 590 tuaa;
507 534 568 591 vidi3

121 594 186 650 Quas
197 613 242 644 non
254 604 352 643 retentas
363 599 471 658 pensione
481 614 521 660 pro
532 598 592 647 bimi

120 659 228 708 Portabat
239 677 297 708 uxor
308 662 357 708 rufa
368 663 465 709 crinibus
476 671 570 726 septem,

120 725 153 772 Et
165 742 216 772 cum
229 742 305 773 sorore
316 742 371 774 cana
383 735 453 774 mater
464 727 559 789 ingenti.

121 789 202 838 Furias
213 793 290 853 putari
302 800 368 846 nocte
379 791 443 838 Ditis
454 807 560 840 emersas.

120 854 173 904 Has
184 866 209 902 tu
220 857 305 917 priores
316 857 400 918 frigore
411 864 435 904 et
445 856 505 904 lame
517 858 597 913 siccus,

119 921 154 968 Et
165 937 211 968 non
223 923 307 968 recenti
312 921 412 983 ‚pallidus
423 923 497 984 magia
508 924 574 980 buxo,

121 984 174 1032 Irus
185 995 275 1032 tuorum
287 995 419 1049 temporum,
433 989 567 1048 sequebaris.

119 1051 224 1114 Migrare
233 1052 316 1098 clivum
328 1053 430 1099 crederes
444 1053 568 1100 aricinum.
626 1088 630 1100 .

120 1114 171 1163 Ibat
182 1119 251 1178 tripes
261 1118 373 1179 grabatus,
385 1126 408 1163 et
419 1118 480 1178 bipes
491 1133 575 1174 mensa,

118 1181 159 1236 Et,
172 1197 223 1228 cnm
234 1179 331 1234 lucernd,
343 1197 469 1244 corneoque
481 1189 573 1238 cratere,

119 1245 216 1293 Matella
227 1257 291 1293 curto
302 1255 367 1309 rupta
377 1247 446 1294 latere
456 1248 559 1295 malebat.

118 1310 207 1358 Focum
217 1311 310 1357 serentis
321 1313 409 1358 suberat
420 1313 534 1372 amphorae
545 1313 638 1360 cervix:

118 1375 201 1424 Fuisse
211 1392 295 1438 gerres,
306 1385 345 1422 aut
356 1377 447 1422 inutiles
458 1389 546 1424 maenas

120 1441 184 1488 Odor
195 1442 319 1503 impudicus
331 1444 391 1486 urcei
402 1439 519 1494 fatebatur,

119 1506 217 1560 Qualem
228 1507 322 1552 marinae
332 1505 394 1552 misit
403 1519 458 1552 aura
467 1505 567 1567 pisum

117 1571 170 1618 Nec
181 1572 264 1632 quadra
275 1571 352 1618 deerat
362 1571 420 1616 casei
431 1569 552 1627 Tolosatis,

120 1635 245 1690 Quadrima
256 1636 315 1698 nigri
326 1651 368 1682 nec
379 1651 462 1683 corona
472 1635 548 1697 puleii,

120 1699 244 1763 Calvaeque
255 1710 326 1748 restes
336 1701 439 1762 allioque,
450 1702 561 1762 cepisque,

117 1765 169 1812 Nec
180 1767 247 1828 plena
256 1768 314 1828 turpi
326 1767 404 1814 matris
415 1765 459 1812 olla
470 1763 549 1814 restat.

118 1829 295 1880 Summoenianre
305 1830 351 1893 qul
360 1831 457 1893 pilantur
467 1845 557 1878 namu.

117 1895 180 1950 Quid
190 1898 273 1957 quaeris
285 1898 350 1950 aedes,
363 1897 493 1957 villicosqne
504 1895 598 1948 derides,

117 1959 228 2010 Habitare
237 1962 315 2022 gratis,
327 1978 342 2007 o
353 1959 459 2016 Vacerra,
471 1969 522 2008 cunr
533 1957 622 2022 possis?

117 2025 179 2074 Haec
190 2027 326 2074 molucrum
337 2042 419 2089 pompa
429 2027 536 2074 convenit
545 2023 617 2088 ponti.
628 2081 632 2088 ι

292 2155 333 2198 55.
348 2152 388 2200 De
398 2151 510 2200 Labieno.

82 2284 120 2333 Ut
129 2297 210 2346 pueros
221 2289 313 2338 emeret,
326 2281 439 2328 Labienus
450 2279 552 2328 vendidit
561 2280 640 2326 hortos
651 2293 657 2325 ι

119 2347 162 2396 Nil
173 2349 216 2396 nisi
227 2346 317 2394 ficetum
329 2344 389 2392 nuric
401 2345 515 2393 Labienus
524 2345 598 2392 habet.

230 2479 271 2548 345
287 2475 327 2521 Ad
337 2473 428 2522 Julium
440 2471 585 2519 Martialem.

149 2604 257 2668 Triginta
267 2605 329 2664 inibi,
340 2610 490 2668 quattuorque
499 2615 585 2648 messes

149 2669 246 2727 Tecum,
259 2671 278 2718 si
287 2669 387 2725 memini,
398 2665 468 2724 luere,
479 2663 496 2716 J
497 2666 541 2724 uli;
