1864 2922
200 113 498 166 EPIGRAMMATUM
514 115 567 165 Lis.
579 116 640 164 XII.
709 121 759 168 315

81 246 127 294 Ille
138 247 199 294 debit
209 249 300 310 populo,
311 248 462 310 patribusque,
475 248 589 310 equitique
599 249 740 311 legendum

115 311 168 359 Nec
180 313 275 359 nimium
287 314 354 360 siccis
364 313 467 375 perleget
479 313 527 375 ipse
537 315 612 375 genis.

85 378 148 434 Quid
160 378 250 424 titulum
261 378 352 440 poscis?
372 377 461 424 Versus
472 379 517 424 duo
526 385 601 426 tresve
612 379 718 442 leguntur
724 397 732 437 ;

117 441 253 492 Clamabunt
266 459 345 492 omnes
356 451 387 498 te,
399 441 462 499 liber,
474 458 524 492 ecee
535 457 618 492 meum.

279 571 303 613 4.
320 568 361 614 Ad
373 569 494 616 Priscum.

83 697 154 753 Quod
164 697 254 754 Flacco,
267 673 383 760 Verioqire
393 697 444 754 suit,
456 713 589 760 summoque
600 699 700 772 Maroni,

116 763 244 820 Maecenas,
255 764 329 813 eteris
342 764 435 826 regibus
446 772 510 824 crtus
520 780 597 825 eques,

86 829 199 878 Gentibus
210 837 234 875 et
244 829 340 891 populis,
352 830 395 876 boc
406 837 429 876 te
440 830 503 884 mihi,
513 829 591 876 Prisce
603 829 705 888 Terenti,

116 893 187 941 Fame
197 893 268 940 fuisse
275 895 368 956 loquer,
379 896 500 956 chartaque
511 896 572 942 dicet
582 910 657 942 enus»

83 958 122 1006 Tu
133 957 333 1020 secissiugeninnn
352 967 382 1016 tu,
395 961 469 1021 siquid
481 975 549 1023 posse
560 961 679 1018 videmur}

116 1023 154 1072 Tu
166 1025 205 1072 dns
216 1025 323 1087 ingenue
327 1027 367 1088 jus
377 1027 433 1074 mibi
444 1027 550 1090 pigritia.

275 1156 299 1202 5.
315 1155 356 1201 Aa
369 1157 493 1202 Curarem.

83 1282 188 1346 Longior
199 1284 312 1332 undecimi
324 1287 396 1341 nobis,
409 1286 536 1347 decimique
546 1286 614 1334 libelli
621 1280 630 1299 ”“

114 1349 223 1396 Arctatus
234 1350 298 1397 leber
309 1359 351 1405 est,
361 1359 385 1398 et
395 1352 464 1396 breve
475 1353 530 1398 rosit
541 1367 606 1414 opus.

85 1413 157 1461 Plura
168 1415 246 1476 legunt
257 1416 329 1470 vacui,
343 1416 423 1476 quibus
435 1417 482 1462 otiu
493 1423 541 1462 tute
552 1416 647 1463 dedisti:

116 1478 177 1526 Haec
189 1479 241 1542 lege
252 1488 284 1536 tu,
298 1478 391 1529 Cseser:
410 1480 487 1527 iorsen
498 1488 522 1526 et
533 1480 570 1528 ille
580 1481 652 1542 leges.

212 1615 235 1658 6.
252 1613 284 1658 Iu
298 1613 525 1660 Commendatimm
534 1614 630 1660 Nm.

84 1740 192 1804 Contigit
203 1737 317 1791 Ausonias
325 1757 444 1806 procerum
456 1742 589 1789 minuimus
599 1739 659 1788 culn

117 1807 211 1854 Nerva:
231 1809 284 1855 licet
295 1818 344 1856 toto
356 1825 417 1855 nunc
429 1807 543 1854 Helieone
554 1806 606 1852 frui.

83 1872 159 1924 Recte
171 1871 245 1928 Fides,
258 1875 334 1922 hilaris
346 1873 481 1928 Clementis,
495 1879 560 1919 ceute
572 1869 678 1917 Potestas

115 1935 132 1985 J
133 1953 169 1983 nm
181 1939 291 1986 redeunt:
311 1940 374 2002 longi
386 1947 452 2002 terge
462 1935 545 1984 dedere
558 1935 646 1983 Metus.

84 2001 141 2049 Hoc
152 2005 236 2065 populi,
248 2013 373 2066 gentesque
385 2012 438 2059 tuae,
450 2005 488 2066 pie
499 2002 581 2056 Rome,
593 2005 718 2063 precentur,

115 2065 174 2114 Dux
185 2069 224 2114 tibi
237 2071 272 2122 sit¹
277 2085 365 2132 semper
375 2069 433 2122 telis,
445 2076 469 2114 et
480 2069 524 2114 iste
535 2067 584 2132 diu,

82 2132 163 2180 Macte
175 2135 251 2188 enimi,
263 2150 330 2194 quem
342 2149 405 2180 rarus
416 2135 488 2186 babet.
501 2145 636 2190 morumque
643 2136 741 2183 tuorum,

116 2198 182 2252 Quos
194 2197 278 2253 Numa,
289 2215 346 2260 quos
357 2200 433 2246 hilaris
443 2205 520 2260 posset
530 2197 612 2243 hebere
626 2192 693 2242 Cute.

81 2262 182 2324 Largiri,
194 2273 308 2324 prestere,
320 2265 400 2311 breves
411 2263 533 2310 extendere
544 2275 633 2314 cenerrs,

115 2327 149 2374 Et
160 2328 220 2383 dere,
232 2345 284 2391 quae
294 2329 372 2376 suciles
383 2330 423 2375 vix
434 2325 533 2375 tribuere
548 2325 599 2380 Dei,

80 2391 153 2440 Nune
163 2394 223 2448 licet,
236 2405 260 2440 et
270 2394 305 2442 t'ss
316 2401 366 2441 eet:
387 2395 426 2442 seri
438 2401 470 2448 tn,
482 2393 523 2439 sub
533 2389 639 2454 principe
648 2387 712 2442 duro,

113 2456 308 2522 Temporibusque
318 2460 391 2515 melis,
402 2473 471 2507 eunus
479 2471 507 2505 'es
518 2471 569 2504 esse
579 2457 659 2502 bonus
