1864 2922
152 90 202 134 514
391 85 588 135 MARTIALIS

153 218 173 264 si
190 225 278 264 tontum
298 234 325 266 cs
342 224 433 280 presto,
452 233 504 278 quae
521 215 619 279 possim)
640 219 753 280 imperavi
769 220 836 275 mibi,

154 283 215 343 quod
230 285 348 346 indulgere
364 298 541 340 consueveram
559 290 583 328 et
599 284 675 330 studui
690 285 837 344 paucissimis

155 349 239 402 diebus,
256 356 282 396 ut
300 349 484 396 familiarissimas
495 349 550 394 mibi
563 363 630 394 sures
641 356 693 396 tuas
703 351 836 412 exciperem

154 413 287 460 adventoris
297 413 345 460 sui.
357 437 359 441 ·
376 413 413 460 Tu
425 413 493 460 velim
505 414 556 467 ists,
573 429 626 474 quae
636 421 726 460 tantum
738 416 800 476 spud
812 423 837 461 te

155 493 202 524 non
223 479 384 540 periclitantur,
407 480 527 542 diligenter
546 480 659 526 aestirnsre
679 489 703 526 et
724 487 837 527 excutere

155 557 202 589 non
213 545 327 604 graveris;
337 553 366 598 et,
379 543 440 604 quod
450 543 489 590 tibi
501 543 656 590 difficillimum
668 552 708 600 est,
721 545 752 590 de
763 546 836 608 nugis

156 609 238 654 nostris
245 609 334 670 judices
345 610 421 655 nitore
429 609 535 671 seposito,
553 624 582 654 ue
593 609 699 664 Romam,
715 612 735 656 si
748 611 782 657 ita
794 611 835 656 de·

154 674 259 783 clrleueris,
282 689 328 722 non
348 673 524 736 Hisponem
546 675 627 722 librum
646 675 770 734 mittamus,
793 676 837 722 sed

186 753 296 802 ispanum.

352 875 373 918 1.
389 872 431 918 Aa
441 874 556 935 eumdem.

157 993 227 1040 Retia
237 993 291 1040 dum
302 1001 397 1048 cessent,
409 994 572 1054 latratoresque
583 992 688 1049 Molossi,

190 1057 223 1104 Et
234 1074 280 1105 non
291 1060 384 1105 invento
396 1060 452 1106 silva
462 1061 557 1120 quiescit
567 1075 627 1120 spro,

158 1122 218 1177 Otia,
232 1123 316 1179 Prisce,
327 1125 389 1170 brevi
400 1125 483 1186 poteris
494 1125 578 1172 donare
588 1123 669 1170 libello.

122 1227 128 1236 ,
191 1187 259 1236 Hora
269 1205 311 1237 nec
323 1191 403 1236 aertiva
413 1196 455 1245 cst,
467 1204 508 1236 uec
520 1190 560 1237 tibi
571 1195 619 1237 tots
628 1189 694 1252 perit.

350 1325 373 1366 2.
389 1322 429 1368 Ao
440 1337 484 1369 sua
498 1322 620 1369 Carmina.

158 1451 219 1508 Quae
230 1451 298 1498 modo
308 1451 400 1500 litoreos
411 1452 477 1500 ibstis
489 1451 588 1500 carmina
599 1449 698 1514 Pyrgos,

190 1515 227 1564 Ite
240 1515 323 1576 Sscri5
336 1519 386 1581 jam
398 1533 444 1566 non
454 1517 613 1580 pulverulenta
624 1517 662 1564 ria
671 1525 713 1562 est.

298 1626 301 1631 ³
339 1627 377 1689 ¹5.
393 1643 433 1690 Ad
444 1643 545 1692 Librum
557 1659 634 1692 suum.

158 1769 197 1818 Ad
207 1771 302 1834 populos
313 1773 373 1820 mitti
384 1774 422 1836 qui
434 1789 504 1838 nuper
516 1777 543 1824 ab
554 1777 609 1824 urbe
620 1775 714 1832 solebas,

192 1833 246 1892 ibis,
258 1839 286 1894 io,
299 1837 399 1886 Romam
407 1855 474 1896 nunc,
486 1842 606 1904 peregrine
616 1842 679 1896 liber,

158 1897 260 1949 Auriferi
272 1901 299 1950 de
310 1905 379 1966 gente
390 1903 457 1966 Tagi,
469 1907 586 1967 tetricique
598 1907 693 1962 Salonis,
706 1942 709 1950 ι

191 1965 241 2014 Dat
251 1969 336 2030 patrios
344 1985 485 2031 monesfquae
495 1971 551 2018 mibi
562 1979 623 2018 terra
633 1979 721 2035 potens.

157 2027 217 2078 Non
228 2038 303 2080 tamen
314 2034 396 2098 hospes
407 2035 458 2090 eris,
470 2051 513 2084 nec
520 2038 569 2099 jem
577 2049 642 2100 potes
653 2037 741 2084 sdvena
752 2035 806 2092 dici,

192 2093 264 2166 Cujus
276 2099 343 2146 habet
353 2099 433 2146 fratres
445 2107 480 2148 tot
491 2101 572 2148 domus
583 2099 629 2149 sits
640 2101 716 2150 Remi.

157 2159 215 2210 ,lure
226 2169 266 2210 tuo
277 2165 404 2212 veneranda
415 2163 469 2212 novi
480 2172 531 2228 pete
541 2167 620 2214 limina
630 2168 715 2230 templi,

93 2232 95 2236 ’
191 2225 291 2275 Reddita
302 2227 377 2276 Pierio
389 2238 442 2277 suut
449 2231 487 2278 ubi
497 2231 581 2294 templa
591 2233 668 2280 choro.

157 2285 205 2336 vet
216 2291 235 2336 si
243 2293 354 2348 malueris,
366 2293 438 2358 primi
448 2294 550 2356 gradiere
563 2295 664 2344 Suburi:

191 2352 258 2401 Atria
268 2364 321 2402 sunt
332 2359 377 2404 illic
388 2359 487 2406 consulis
499 2361 544 2406 alta
554 2363 606 2408 mei.

157 2413 296 2479 Laurigeros
306 2421 389 2468 habitat
399 2423 509 2472 fecundus
519 2423 591 2476 Stella'
598 2433 698 2489 penates,

192 2477 273 2536 Clarus
284 2481 402 2544 Hyanteae
414 2487 484 2536 Stella
495 2489 567 2536 sititor
578 2506 651 2552 squae.·

157 2539 221 2590 Fons
232 2545 262 2592 ibi
273 2543 387 2598 castalius
397 2553 471 2600 vitreo
482 2560 582 2602 torrente
592 2555 698 2618 superbit,

192 2605 261 2656 Unde
272 2626 354 2660 novem
366 2615 469 2674 dominas
479 2633 542 2684 saepe
551 2619 633 2668 bibisse
643 2619 727 2668 ferrurt.
