1924 2912
144 48 214 132 aa·
313 63 315 71 '
360 135 364 140 ,
383 78 576 128 mannans

194 211 341 272 sterilemque
353 209 451 259 Calvum
462 211 556 268 nivibus,
568 217 592 258 et
601 209 678 257 fractis
685 209 773 256 sacrum

110 333 113 338 ¹
223 275 395 324 Vadaveronem
406 276 533 333 montibus;

195 339 228 388 Et
239 341 326 388 delicati
337 341 402 387 dulce
413 339 508 387 Botrodi
519 355 605 395 nemus,

226 403 330 452 Pomona
337 406 397 468 quod
406 404 461 452 felix
472 411 539 452 amat.

193 468 273 532 Tepidi
284 472 370 517 natabis
381 470 431 516 lene
444 468 548 532 Congedi
559 457 647 525 vadum,

227 534 357 595 Mollesque
368 536 517 595 nympharum
528 535 607 590 lacus;

195 599 283 654 Quibus
294 600 412 646 remissum
423 615 503 660 corpus
514 599 640 660 adstringes
649 597 711 647 brevi

229 664 344 724 Salone,q
346 679 367 710 ur
361 663 463 710 'ferrum
474 663 542 725 gelat.
594 683 597 690 ·

195 727 315 776 Praestabit
324 729 386 774 illic
381 743 430 789 rpsa
439 727 540 790 figendas
550 743 635 790 prope

226 792 326 840 Vobisca
335 793 452 854 prandenti
463 793 528 838 seraa

195 857 277 904 AEstus
288 873 379 904 serenos
390 873 457 904 aureo
466 855 558 918 franges
570 855 643 919 Tago,

227 921 341 970 Obscurus
352 923 436 982 umbris
446 921 556 968 arborum.
607 932 610 935 '

196 987 294 1034 Avidam
306 987 382 1048 rigens
394 985 511 1034 Dircenna
520 985 614 1048 placabit
625 985 691 1041 sitim,

226 1050 260 1098 Et
271 1051 366 1104 Nemea,
377 1066 428 1111 quae
440 1051 510 1104 vincit
520 1052 591 1098 nives.
753 1077 755 1089 ·

195 1115 229 1163 At
239 1131 291 1163 cum
301 1114 428 1162 December
439 1131 515 1170 canus,
526 1123 549 1162 et
558 1115 637 1161 bmms
647 1113 758 1176 impotens

226 1181 340 1242 Aquilone
350 1195 418 1228 rauco
429 1181 529 1242 magian
589 1201 592 1207 ·

195 1244 279 1310 Aprica
290 1251 377 1307 repetes
387 1243 521 1290 Tarraconis
532 1245 603 1299 litora,

227 1307 317 1370 Tusrnq
317 1325 345 1356 ue
357 1308 519 1356 Laletaniam.

195 1371 231 1424 Ibi
241 1373 338 1436 illigatas
349 1373 452 1420 mollibus
462 1375 538 1420 damas
548 1373 620 1435 plagis

227 1437 345 1500 Mactabis,
357 1446 380 1485 et
391 1453 472 1485 vernos
482 1453 553 1499 apros,

194 1501 351 1565 Iaeporemque
361 1503 414 1548 forti
426 1503 530 1548 callidum
541 1516 630 1564 rumpes
641 1514 712 1562 equa:

228 1565 316 1616 Cervos
327 1568 438 1628 relinques
448 1567 529 1613 villico.
720 1621 722 1625 y

195 1629 295 1680 Vrciua'
289 1647 312 1678 m
323 1633 396 1708 ipsum
407 1632 463 1678 silva
473 1630 594 1678 descendet
603 1628 679 1678 locum

228 1694 319 1758 Infante
329 1697 428 1743 cinctum
439 1696 535 1744 sordido.

196 1749 321 1808 Vocabitur
330 1768 430 1818 venator,
442 1768 465 1808 et
476 1761 552 1808 veniet
562 1759 601 1806 tibi

228 1821 332 1874 Conviva
341 1826 449 1873 clamatus
459 1839 535 1888 prope.

196 1887 286 1937 Lunata
297 1905 406 1950 nusquam
416 1889 498 1966 pellis·
499 1895 523 1939 et
533 1903 643 1950 nusquam
654 1894 715 1950 toga,

227 1953 346 2015 Olidaeque
357 1963 432 2002 uestes
442 1954 538 2000 murice.

195 2016 279 2066 Procul
289 2019 392 2066 horridus
403 2018 524 2074 Liburnus,
536 2027 559 2065 et
569 2017 674 2078 quendus
683 2015 769 2072 eliam

227 2081 326 2146 Imperia
336 2084 452 2130 viduarum
463 2082 548 2144 procul.
778 2101 780 2108 ’

195 2141 251 2194 Non
262 2156 351 2210 rumpet
361 2149 431 2195 altum
442 2147 536 2210 pallidus
547 2161 651 2193 somnum
662 2159 724 2192 reus.

228 2211 273 2260 Sed
283 2227 350 2260 mane
360 2219 433 2260 toturn
444 2213 548 2258 dormies.

109 2336 113 2346 s
195 2275 313 2324 Mercetur
322 2277 378 2324 alius
389 2277 473 2340 grande
484 2284 508 2323 et
518 2277 622 2324 insanum
638 2269 755 2334 “:Sopbdt
759 2269 775 2290 ”

230 2339 341 2388 Miserere
351 2350 376 2389 tu
386 2342 500 2398 lelicium3

195 2403 303 2466 Veroque
313 2405 386 2453 fruere
397 2417 443 2452 'non
455 2406 561 2468 superbus
571 2403 660 2465 gaudio.
696 2415 698 2430 ’

228 2467 293 2516 Dum
305 2470 363 2518 Sura
372 2471 475 2518 laudatur
485 2477 545 2517 tuus.

195 2530 251 2580 Non
261 2533 403 2596 impudenter
413 2535 465 2590 vita,
477 2533 537 2596 quod
547 2531 657 2593 reliquum
668 2534 710 2585 est,
717 2532 786 2596 petit,

229 2595 289 2645 Cum
298 2597 366 2656 lama,
377 2599 437 2661 quod
448 2599 503 2646 satis
513 2605 554 2652 est,
565 2597 638 2644 habet.
