1922 2916
256 106 550 160 EPIGRAMMATUM
566 109 620 160 Ln-
630 111 704 164 Vlll.
765 123 813 172 laa

341 307 381 352 29.
396 305 436 352 Dr
446 307 570 354 Diatiella‘a.

150 403 254 480 Disticha
263 433 300 494 qui
312 433 393 488 srn'bit.
404 441 465 495 puto,
477 435 526 482 vult
535 437 645 484 brevitate
655 439 749 500 pluoere.

181 497 242 553 Quid
251 498 342 560 prodest
351 499 455 554 brevitas,
468 500 503 546 dic
513 502 575 558 mibi,
586 503 605 549 ri
616 504 734 553 liberent?

273 631 314 674 50.
328 629 368 676 De
379 630 511 690 &cauculo
523 632 635 678 Scaeudoe.

146 756 194 813 Qui
205 773 265 804 nuno
277 756 389 807 Caesareae
399 760 461 807 lusus
473 767 585 823 spectetur
595 775 676 816 arenae,

177 823 326 884 Temporibus
337 823 403 870 Bruti
414 825 486 886 gloria
497 841 584 872 summa
593 825 642 873 luit.

144 888 257 950 Adspicis,
269 896 294 934 ut
305 897 381 934 teneat
390 889 498 944 flammas,
509 888 620 952 poenique
630 890 717 938 buntur

177 952 258 1007 Fortis,
270 960 293 999 et
304 955 399 1000 attonito
410 963 490 1016 regnet
501 956 524 1000 in
535 955 589 1017 igne
599 954 698 1002 manus?

142 1015 198 1081 Ipse
209 1018 242 1064 sui
253 1025 365 1079 spectator
375 1019 445 1073 adest,
457 1027 480 1065 et
490 1021 564 1066 nobile
574 1021 661 1068 dextrae

176 1081 256 1130 Funus
267 1089 340 1128 amat:
360 1085 414 1129 totis
424 1086 522 1145 pasoitur
531 1085 570 1132 illu
580 1086 656 1132 saorla.

144 1147 214 1203 Quod
225 1147 267 1193 nisi
278 1155 341 1208 rapta
350 1147 409 1193 foret
420 1149 504 1195 nolenti
514 1163 588 1210 poena,
599 1151 690 1212 parabat

176 1213 263 1260 Saevior
273 1213 295 1257 in
308 1212 378 1259 lassos
388 1213 421 1261 ire
433 1214 521 1260 sinistra
531 1213 601 1260 focos

143 1277 207 1326 Scire
217 1278 286 1338 piget,
297 1283 348 1338 post
359 1278 404 1323 tale
414 1278 488 1332 decus,
500 1279 553 1338 quid
563 1278 642 1326 feeerit
651 1287 718 1327 ante:

175 1341 251 1396 Quum
262 1341 315 1396 virli,
327 1343 380 1387 satia
391 1350 426 1388 eat
436 1343 494 1388 banc
504 1343 559 1389 mibi
569 1341 636 1391 nisae
646 1359 746 1393 manum.

332 1477 371 1519 31.
388 1475 419 1520 Iu
432 1475 571 1522 Duarum

140 1601 227 1651 Nescio
237 1602 289 1664 quid
301 1603 362 1650 dete
373 1619 418 1649 non
429 1603 493 1659 belle,
505 1602 591 1657 Dento,
601 1601 686 1660 interis,
781 1659 787 1666 ,
812 1645 815 1654 .

174 1667 279 1730 Conjuge
289 1669 327 1728 qui
338 1667 405 1714 ducti
411 1669 464 1730 jura
473 1675 566 1729 paterna
576 1669 641 1730 petia.

141 1733 186 1780 Sed
192 1735 241 1795 jem
254 1733 387 1794 supplicibus
399 1733 513 1778 dominum
524 1733 608 1779 lassare
618 1733 697 1781 ibellis

172 1796 266 1851 Desine,
278 1805 301 1843 et
312 1798 335 1842 in
345 1798 439 1858 patriam
451 1813 513 1844 serus
525 1799 552 1844 ab
562 1799 616 1844 urbe
626 1797 680 1844 redi.

138 1861 201 1910 Nam
212 1863 264 1908 dum
276 1868 302 1908 tu
311 1862 387 1923 longe,
399 1860 486 1908 deserti
496 1877 573 1917 uxore,
585 1863 667 1924 diuque

171 1925 230 1973 Tres
240 1927 322 1988 quaeris
332 1933 404 1981 nawa,
416 1933 521 1987 quattuor
532 1927 640 1974 invenies.

265 2061 306 2105 32.
321 2059 361 2104 De
374 2056 483 2105 Columbti
496 2057 617 2104 Arctoum.

138 2185 201 2234 Abra
210 2201 250 2249 per
260 2187 353 2232 taciturn
365 2186 455 2249 delapsa
465 2186 563 2232 sedentis
573 2185 596 2231 in
607 2185 669 2247 ipsoa

171 2249 250 2298 Fluxit
261 2251 371 2298 Aretullae
381 2252 463 2298 blenda
473 2251 577 2297 columbe
587 2251 656 2296 sinus.

138 2315 236 2363 Luserat
246 2317 289 2362 boc
301 2331 372 2370 casus,
383 2317 427 2362 nisi
437 2317 579 2362 inobservata
588 2321 696 2371 maneret,
790 2327 792 2334 ·

170 2378 329 2441 Ρετωίσεῖιφιε
339 2381 377 2427 diu
387 2380 458 2426 nollet
468 2381 528 2426 ubire
537 2377 600 2440 iugi.

138 2444 164 2498 Si
175 2445 268 2492 meliora
277 2445 322 2508 piae
331 2444 365 2492 ias
376 2452 411 2492 est
422 2459 511 2506 sperare
521 2444 598 2498 sorori,

171 2509 204 2556 Et
215 2510 329 2558 dominum
340 2511 418 2557 mundi
428 2509 520 2556 flectere
529 2515 583 2555 vobs
593 2508 685 2567 vnlent3

137 2573 199 2622 Haeo
209 2590 224 2622 a
235 2575 326 2623 Sardois
336 2576 375 2622 tibi
385 2574 479 2621 forsitan
489 2573 574 2620 exsulis
584 2574 636 2629 oria,

170 2639 250 2692 Fratre
260 2655 385 2698 masura,
397 2639 550 2690 nuntiaverit
559 2640 616 2686 eris.
