1924 2912
185 95 218 140 ³8
421 95 616 147 MARTIALIS
691 57 695 64 *
767 149 770 156 r

185 226 231 275 Sed
242 225 286 272 duo
297 229 357 280 sunt,
368 239 419 286 quse
431 241 473 272 nos
484 227 635 291 distlrrguunt,
647 231 717 280 millia
727 233 822 298 passim

216 291 330 346 Quattuor
341 291 390 337 lraec
400 289 464 345 liunt,
476 307 527 338 cum
540 295 651 343 rediturus
662 313 720 346 eam.

182 357 249 418 Saepe
260 356 375 404 dominon
386 372 425 402 es:
446 371 497 402 cum
509 359 540 404 sis
551 375 647 425 quoque,
660 377 720 426 saepe
731 355 856 434 negariazs

213 420 259 468 Vel
270 427 357 466 tantum
369 422 449 475 causis,
461 423 498 468 vel
506 424 545 469 tibi
557 441 623 488 saepe,
637 442 710 475 vacas.

181 485 217 534 Te
228 492 341 533 tamenut
351 486 446 540 videam,
458 487 502 533 duo
514 489 582 536 millia
593 505 639 538 non
650 493 713 556 piget
724 494 771 542 ire:

214 551 249 600 Ut
260 558 283 598 te
293 565 339 597 non
351 551 445 606 videam,
457 559 562 613 quattuor
573 553 605 601 ire
616 557 687 618 piget.
711 556 715 566 ‘

396 685 419 728 6.
438 681 478 728 Ad
489 683 605 730 Scottum

242 807 256 856 1
268 825 334 864 nunc,
346 810 412 856 edere
422 825 460 856 me
466 812 522 874 jube
531 812 625 861 libellos.

242 874 321 922 Lectis
331 875 371 920 vix
379 877 417 921 tibi
428 877 516 938 paginis
528 877 619 932 duabus,

242 939 336 1001 Spectas
348 949 518 1002 εσχατοκωλιοτ,
538 942 627 998 Severe,

241 1004 275 1052 Et
285 1005 365 1066 longas
376 1003 446 1049 trahis
457 1007 610 1054 oscitationes.

240 1068 302 1116 Haec
314 1075 373 1122 sant,
385 1083 436 1128 quae
448 1070 563 1132 relegente
574 1088 611 1119 roe
622 1075 708 1124 solebas

240 1134 317 1196 Rapta
328 1135 459 1188 exscribere,
472 1136 511 1180 sed
522 1135 656 1187 Vitellianis.

240 1197 302 1245 Haec
313 1206 372 1252 sunt,
393 1199 481 1260 singula
491 1215 542 1261 quse
554 1203 603 1248 sinu
615 1203 701 1252 ferebas
800 1209 809 1226 '

238 1262 285 1310 Per
296 1263 399 1310 convivia
410 1271 496 1320 cuncta
509 1281 549 1326 per
560 1268 653 1315 tlrcatra.

203 1376 204 1380 ,
239 1325 302 1374 Haee
314 1335 373 1382 sunt,
385 1335 424 1374 aut
434 1329 532 1384 meliora,
546 1332 609 1392 siqua
620 1335 701 1381 nescis.

198 1404 202 1412 “
238 1391 301 1446 Quid
308 1393 399 1455 prodest
410 1393 463 1438 milri
475 1402 520 1440 tarn
532 1409 607 1442 macer
617 1397 710 1454 libellus,

237 1456 309 1504 Nullo
320 1458 415 1504 crassior
427 1463 452 1503 ut
463 1459 492 1504 sit
503 1461 614 1516 umbilico,

239 1522 264 1569 Si
272 1529 333 1569 totus
344 1522 384 1568 tibi
395 1522 469 1568 triduo
479 1524 586 1586 legatur?

236 1585 360 1648 Nunquam
370 1586 456 1634 deliciae
468 1590 599 1650 supiniores.

235 1651 321 1699 Lassus
329 1659 375 1698 tam
387 1651 432 1696 cito
440 1651 516 1700 deficis
524 1655 596 1702 viator
605 1672 612 1712 ;

234 1716 268 1764 Et
280 1731 331 1763 cum
342 1729 432 1762 currere
442 1717 523 1765 debeas
534 1718 643 1775 Bovillm

234 1780 393 1844 Interjungere
403 1782 485 1841 quaeris
496 1783 524 1830 sd
533 1781 663 1833 Camoenas.

235 1845 248 1893 1
259 1861 326 1902 nunc,
338 1846 404 1892 edere
411 1860 448 1892 me
454 1847 510 1909 jube
519 1849 613 1897 libellos.

386 1977 408 2022 7.
425 1977 456 2022 In
468 1978 586 2026 Attalum.

168 2110 291 2162 Declamas
301 2108 370 2164 belle3
387 2123 465 2154 causas
477 2110 532 2172 agis,
545 2109 629 2165 Attalo,
642 2113 716 2161 belle:

200 2175 315 2224 Historias
324 2173 400 2226 bellas.
410 2175 509 2220 cannino
518 2175 576 2221 bella
588 2176 656 2224 iacis:

167 2240 292 2304 Componis
302 2239 360 2285 belle
370 2238 458 2292 mimos,
470 2240 632 2301 epigrammata
642 2243 700 2290 belle
710 2262 715 2290 :

197 2305 277 2354 Bellus
287 2303 460 2366 grammaticum
477 2303 548 2350 bellus
559 2321 584 2351 es
595 2308 737 2370 astrologus:

164 2369 199 2420 Et
207 2368 265 2416 belle
272 2375 355 2422 cantas,
364 2374 388 2414 et
398 2368 472 2422 saltas,
484 2366 568 2424 Attale,
580 2371 650 2418 belle:

196 2431 276 2482 Bdlus
286 2447 311 2478 es
322 2438 370 2479 arte
379 2433 442 2492 lym,
453 2433 525 2480 bellus
533 2449 557 2481 es
569 2441 617 2480 arte
625 2436 686 2497 pilae.
779 2482 782 2494 ,

162 2496 205 2548 Nil
213 2498 271 2544 bene
281 2510 333 2542 curn
343 2493 418 2550 iacias,
429 2495 484 2544 facis
494 2504 592 2546 attamen
604 2501 680 2548 omnis
689 2503 755 2551 belle.

195 2559 321 2610 vonam
332 2561 386 2622 quid
398 2559 448 2608 sis?
464 2575 561 2624 magnus
573 2561 700 2614 esardelio.
824 2575 828 2584 ”
