1922 2916
171 123 217 169 124
323 121 325 126 '
402 113 654 171 MARTIALIS',

201 252 235 300 Et
246 253 392 300 esse'tristem
403 265 440 296 me
451 262 514 294 meus
525 249 587 293 vetat
598 241 693 290 Paetusr
825 279 830 286 .

203 317 330 378 Pectusque
340 317 438 378 pulsans,
449 314 532 375 pariter
543 318 567 356 et
577 323 665 356 comam
675 305 769 360 vellens,
791 347 793 351 .

202 381 296 429 Deflete
307 397 352 428 non
364 388 387 427 te
397 379 497 426 vernulae
504 376 572 438 pudet
582 370 695 420 mortem?

201 447 255 508 Ego
267 448 393 508 conjugem,
404 445 483 504 inquit,
496 440 572 494 extuli,
584 445 694 485 ettamen
705 435 767 482 vivo.

202 511 296 565 Notam,
307 511 430 572 superbam,
443 507 546 558 nobilem,
557 503 700 564 locupletem.

205 575 267 630 Quid
274 591 323 622 esse
334 581 411 622 nostro
421 573 501 618 fortius
510 575 586 632 potest
597 564 679 616 Poto?
770 583 772 588 ·

203 639 330 688 Ducenties
341 639 432 700 accepit,
444 643 553 683 ettamen
564 634 628 680 vivit.

368 773 408 816 58.
425 769 457 814 In
470 765 632 814 Calliodorum.

174 900 314 952 Caniodorus
325 901 391 946 habet
402 895 494 944 censum
503 897 564 958 (quis
574 893 647 941 nescit
652 887 674 948 t)
686 894 819 949 equestrem,
846 891 849 894 ’

205 967 288 1014 Sexte:
309 966 347 1012 sed
358 973 381 1010 et
390 963 481 1010 fratrem
494 960 635 1008 Calliodorus
645 955 717 1002 habet.

173 1031 345 1092 Quadringenta
355 1035 423 1082 secut,
434 1027 473 1088 qui
483 1027 537 1072 dicii
549 1041 604 1070 συκα
612 1023 692 1082 μεριζε.
788 1057 793 1066 .

205 1095 260 1142 Uno
271 1095 342 1141 credis
352 1109 410 1155 equo
420 1098 486 1154 posse
497 1091 573 1137 sedere
584 1084 657 1132 duos?
807 1137 810 1142 Ι

175 1160 237 1215 Quid
245 1175 296 1206 cum
304 1158 374 1206 fratre
383 1159 429 1212 tibi,
441 1157 495 1218 quid
505 1169 556 1201 cum
568 1151 662 1199 Polluce
672 1141 787 1195 molesto?

205 1223 261 1270 Non
272 1231 332 1270 esset
343 1223 426 1270 Pollux
437 1223 455 1268 si
466 1221 511 1275 tibi,
524 1217 605 1266 Castor
617 1229 673 1261 eras.

174 1289 242 1355 Unus
253 1305 304 1335 curn
316 1289 378 1344 sitis3
390 1289 442 1340 duo,
454 1283 588 1336 Calliodore
599 1280 688 1328 sedetis.

206 1353 290 1414 Surge:
304 1353 463 1405 soloecismum,
476 1348 610 1400 Calliodore,
620 1344 684 1390 fecis.

173 1417 222 1466 Aut
233 1419 319 1464 imitere
330 1433 402 1479 genus
413 1416 483 1462 Ledae
492 1431 499 1470 3
512 1420 609 1462 anteum
619 1409 688 1455 fratre
698 1403 775 1454 sedere
794 1449 799 1461 ,-

206 1481 261 1529 Non
271 1489 349 1546 potes:
367 1482 464 1536 alternis,
477 1477 611 1530 Calliodore,
622 1473 682 1521 sede.

368 1613 409 1658 59.
425 1608 591 1656 lucerinum.

239 1739 359 1801 Supremas
369 1738 408 1786 tibi
418 1738 493 1784 tricies
503 1737 528 1784 in
538 1749 597 1782 anno

239 1804 344 1866 Signanti
354 1805 445 1856 tabulas,
458 1801 549 1855 Carine,
559 1797 610 1846 misi

239 1867 344 1928 Hyblaeis
355 1868 454 1914 madidas
464 1867 548 1928 thymis
554 1865 675 1926 pincentes·

238 1931 336 1980 Defecit
350 1933 455 1984 miserere
461 1933 516 1993 jem,
529 1928 618 1978 Carine.

242 1997 313 2058 Signa
324 1999 401 2050 rarius,
413 2005 451 2047 aut
459 1996 528 2042 semel
538 1994 573 2040 fac
584 1991 646 2044 illud,

240 2061 354 2108 Mentitur
365 2069 403 2106 tua
414 2061 474 2121 quod
484 2059 579 2106 subinde
584 2058 660 2103 tussis

240 2125 339 2175 Excussi
349 2126 485 2186 loculosque,
497 2123 661 2182 saeculumque.

240 2189 322 2240 croeso
330 2191 419 2238 divitior
429 2192 483 2236 licet
492 2188 592 2240 fuissem,

240 2253 280 2302 Iro
290 2253 408 2316 pauperior
418 2254 495 2308 forem,
509 2251 599 2306 Carine,

241 2319 265 2365 Si
277 2321 385 2366 conchem
395 2321 462 2366 toties
472 2332 545 2364 meam
557 2327 676 2362 comesses.

357 2451 398 2493 40.
413 2447 453 2493 Aa
463 2445 646 2493 Artmidomm.

138 2575 139 2580 ’
174 2571 271 2620 Pinxisti
283 2573 412 2630 Venerem
424 2576 485 2629 colis,
498 2573 647 2626 Artemidore,
659 2551 806 2624 Minervam

207 2637 241 2686 Et
251 2639 345 2696 mireris,
356 2653 413 2700 opus
423 2639 562 2702 displicuisse
574 2633 657 2684 tuum?
