1924 2912
172 104 205 148 84
217 117 218 120 ¹
409 105 602 161 MARTIALIS

204 231 374 281 'I'tralassionem
385 236 423 296 qui
434 243 497 282 tuum
509 238 573 284 decet
583 237 645 285 solus
651 255 659 296 ;

206 296 322 359 Ustorque
332 299 402 346 taedas
412 301 517 361 praeferat
526 317 593 349 norae
604 310 693 365 nuptae:

205 359 294 411 Intrare
303 365 326 412 iu
337 365 405 411 istum
417 365 465 412 sola
475 365 514 412 sax
524 375 599 428 potest
609 383 716 416 cunnum.

337 565 340 572 r
396 501 434 544 94.
451 500 484 545 In
495 498 596 560 Rtpf'um.

172 623 232 670 Esse
243 640 313 686 negas
324 632 412 672 coctum
423 625 528 688 leporem,
539 627 656 688 poscisque
667 626 771 689 flagella:

204 686 288 744 Mavis,
301 689 368 746 Rufe,
380 705 476 752 coquum
487 691 595 746 scindere,
606 707 673 752 quam
684 693 791 755 leporem.

388 822 426 867 95.
443 821 475 866 Its
487 820 617 868 Naeuolum.

173 950 295 1012 Nunquam
307 951 361 997 dicis
373 948 483 1014 Avewaed
494 949 573 1002 reddis,
586 947 688 1002 Naevole,
701 965 795 1014 semper,

207 1015 275 1070 Quod
286 1016 346 1077 prior
356 1022 379 1060 et
390 1029 472 1062 corvus
482 1015 556 1060 dicere
567 1027 627 1074 saepe
637 1014 702 1060 solet.

174 1077 223 1127 Cur
233 1082 276 1127 hoc
286 1087 403 1142 exspectes
415 1095 428 1126 a
439 1094 481 1132 me,
494 1094 557 1140 rogo,
570 1077 675 1133 Naevole,
684 1079 758 1127 dicas:

206 1144 274 1199 Nam,
285 1152 347 1206 puto,
359 1158 400 1189 nec
411 1144 497 1197 melior,
509 1141 613 1196 Navole,
626 1157 668 1188 nec
678 1143 739 1204 prior
749 1159 781 1192 es.

173 1207 272 1256 Praeruia
279 1209 368 1255 laudato
378 1209 455 1254 trsbuit
466 1208 520 1254 mihi
532 1205 612 1255 cesar
623 1211 722 1268 uterque,
767 1205 770 1210 ‘

205 1272 362 1333 Natorumque
372 1273 432 1318 dedit
438 1273 491 1334 jura
501 1272 676 1333 paternttriuur.

173 1338 220 1386 Ore
230 1339 295 1400 legor
305 1337 383 1391 multo,
395 1345 518 1397 notumque
527 1351 568 1398 per
578 1336 658 1397 oppido
668 1351 751 1384 nomen
776 1369 780 1376 -
829 1357 832 1370 ι

204 1402 259 1449 Non
270 1409 399 1463 exspectato
410 1401 448 1448 dat
458 1401 511 1446 mihi
523 1399 583 1447 fama
593 1415 657 1462 rogo.

171 1467 216 1514 Est
227 1474 250 1513 et
261 1469 284 1514 in
296 1469 338 1513 hoc
349 1466 444 1526 aliquidr
461 1465 518 1510 vidit
528 1479 566 1511 rue
576 1463 652 1512 Roma
662 1466 782 1524 tribunum,

204 1531 237 1578 Et
248 1533 315 1578 sedeo
325 1546 368 1590 qua
380 1537 403 1577 te
413 1531 505 1578 suscitat
516 1529 629 1576 Oceanus.

171 1597 236 1651 Quot
246 1597 300 1642 mihi
313 1593 418 1643 Cesareo
428 1594 482 1642 sacti
493 1601 545 1640 sunt
556 1608 649 1642 munere
654 1595 733 1648 civeq

205 1659 256 1708 Nec
265 1661 362 1707 famulos
369 1660 462 1706 totidem
474 1659 575 1720 suspicor
585 1673 635 1705 esse
644 1659 691 1705 tibi.
711 1674 713 1678 ·

174 1727 219 1773 Sed
230 1725 358 1787 paedicaris:
375 1724 414 1770 sed
424 1723 522 1786 pulchre,
534 1721 638 1777 Naevole,
650 1738 734 1770 ceres:

204 1790 257 1839 Jam
263 1792 312 1852 jam
324 1790 356 1836 sic
366 1789 427 1851 prior
437 1803 468 1842 er,
481 1785 593 1834 Naevolez
613 1789 699 1835 vincis:
714 1803 763 1835 ave.

389 1917 427 1960 96.
439 1914 475 1959 In
486 1913 624 1974 Gargilium.

237 2045 325 2107 Lingis,
337 2060 383 2092 non
393 2044 470 2098 futuis,
482 2059 555 2091 meam
566 2043 678 2106 puellam

236 2109 268 2158 Et
278 2109 357 2172 garris,
368 2110 430 2169 qussi
441 2110 544 2155 moechus
554 2117 577 2155 et
587 2109 680 2156 statutor.

237 2177 261 2222 Si
272 2185 295 2222 te
306 2175 421 2236 prendere,
434 2174 530 2235 Garuli,
541 2175 630 2226 tacebis.

396 2307 434 2352 97.
452 2304 491 2349 Ad
500 2303 605 2367 Rufius.

173 2433 211 2480 Ne
222 2435 284 2494 legat
293 2435 354 2479 hunc
366 2432 461 2487 chione,
472 2434 554 2480 maudo
564 2433 610 2486 tibi,
622 2431 690 2488 Rufe,
701 2429 807 2481 libellum.

204 2496 310 2546 camino
319 2498 374 2546 lm
383 2511 435 2546 msa
445 2505 492 2556 ειη
503 2498 586 2546 tedere
593 2503 617 2544 et
626 2497 665 2545 tua
674 2505 756 2560 potest.
