1916 2918
155 79 204 122 274
280 126 282 130 ,
386 71 579 123 MARTIALIS

220 200 279 250 Cum
291 202 401 249 desiderio
413 203 446 248 tui
456 209 565 264 petemus.
626 236 632 246 ,

149 322 152 326 ,
219 269 264 314 Sed
274 283 421 328 quaecumque
432 276 508 316 tamen
518 267 603 314 feretur
612 267 658 315 illio

220 333 308 379 Piscosi
319 333 403 378 calamo
416 331 475 394 Tagi
487 339 569 386 notata,
665 362 669 367 ·

221 397 326 459 illaesum
337 399 420 459 pagina
431 405 510 456 nostra
518 397 656 445 nominabit:

220 463 257 508 Sic
268 463 326 508 inter
338 470 425 508 veteres
437 462 499 522 legar
510 462 602 522 poetam

219 527 271 586 Neo
281 527 365 572 multos
376 527 430 572 mihi
441 527 546 587 prael'eras
557 527 649 588 priores,

220 591 274 638 Uno
286 591 326 652 sed
336 592 376 637 tibi
387 593 429 638 sim
441 593 516 638 minor
528 585 627 640 Catullo.

261 751 266 760 =
283 723 321 768 79.
337 721 377 768 De
392 721 508 782 Torquato
520 727 542 768 et
556 719 659 770 Otacilio.

156 846 194 892 Ad
205 847 301 908 lapidem
313 845 442 906 Torquatus
453 847 519 894 habet
530 847 635 907 praetmla
644 852 749 906 quornm
760 865 766 894 2

188 911 227 958 Ad
237 919 341 972 quartum
353 913 420 958 breve
432 927 470 958 rus
481 912 536 957 emit
548 911 666 958 Otacilius.
752 949 754 952 .

154 971 283 1037 Torquatus
295 977 376 1022 nitidas
387 979 449 1022 vario
461 976 488 1022 de
500 991 611 1022 marmore
622 977 722 1022 thermas

154 1091 157 1099 ,
188 1041 324 1100 Exstrurrit:
344 1055 460 1088 cucumam
472 1039 525 1090 fecit
537 1037 654 1088 Otacilius.

156 1105 277 1167 Disposuit
289 1107 407 1168 daphnona
418 1121 459 1152 suo
471 1105 600 1166 Torquatus
611 1107 635 1152 in
646 1121 717 1168 agro:
758 1142 761 1150 ,

188 1169 312 1230 Castaneas
323 1179 414 1217 centurn
427 1172 485 1218 sevit
497 1171 614 1218 Otacilius.

156 1233 257 1284 Consule
268 1235 391 1296 Torquato,
404 1235 448 1282 vici
459 1236 501 1282 fuit
512 1236 551 1283 ille
561 1235 687 1297 magisters

187 1299 238 1345 Nec
249 1301 321 1346 minor
332 1301 355 1345 in
368 1308 430 1346 tanto
441 1301 503 1348 visus
515 1302 604 1348 honore.
611 1301 660 1347 sibi.

156 1363 254 1412 Grandis
267 1373 291 1410 ut
301 1366 406 1426 exiguam
418 1367 458 1412 bos
471 1378 547 1412 ranam
559 1372 648 1427 ruperat
659 1361 721 1419 olim,

189 1429 232 1484 sic,
244 1437 306 1491 puto,
318 1428 447 1490 Torquatus
459 1428 547 1492 'rumpet
559 1429 689 1477 Otacilium.
767 1467 769 1472 ,

350 1563 390 1606 80.
406 1560 446 1606 De
457 1561 537 1612 Erote.

157 1679 236 1736 Plorat
246 1689 314 1745 Eros,
326 1691 414 1750 quoties
425 1691 548 1738 maculosae
559 1687 641 1752 poeula
650 1687 750 1738 murthae

193 1752 293 1816 Inspicit.
306 1764 345 1802 ant
356 1771 444 1818 pueros,
456 1755 580 1802 nobiliusve
591 1755 689 1810 nitrum

156 1817 190 1866 Et
200 1821 298 1880 gemitus
309 1821 355 1866 imo
367 1821 428 1866 ducit
439 1821 467 1866 de
478 1828 575 1881 pectore.
587 1820 648 1879 quod
659 1833 705 1865 non
790 1849 794 1858 «

189 1883 250 1930 Tota
260 1885 328 1931 miser
340 1886 428 1932 co'e'mat
440 1885 515 1948 Septa,
526 1885 628 1944 feratque
639 1884 739 1930 domum.

159 1949 233 2003 eram
245 1950 309 1995 multi
320 1950 413 2004 faciunt,
424 1951 484 2010 qnod
496 1949 563 2003 Eros,
575 1949 615 1995 sed
625 1949 709 1994 lumine
720 1945 796 1996 sicto!

189 2013 246 2060 Pars
257 2016 328 2078 major
339 2015 450 2076 lacrymas
462 2017 524 2066 ridet,
537 2022 560 2061 et
571 2015 632 2060 intus
643 2013 716 2060 habet.

352 2147 390 2190 ar.
405 2123 444 2192 D'e
457 2144 573 2204 Phyllide.

159 2267 218 2316 Cum
230 2270 274 2316 duo
285 2272 401 2323 venissent
412 2270 440 2316 ad
452 2269 559 2330 Phyllida
569 2281 636 2316 mane
646 2267 752 2320 fututum.

191 2333 225 2378 Et
236 2335 318 2380 nudam
329 2342 420 2403 cuperet
431 2350 519 2382 sumere
531 2342 624 2394 uterque
634 2332 702 2396 prior,

157 2395 264 2444 Promisit
274 2405 356 2459 pariter
367 2417 391 2450 se
403 2399 490 2460 Phyllis
502 2402 592 2461 utrique
602 2399 704 2446 daturam
713 2411 722 2452 t

189 2461 223 2508 Et
233 2463 308 2510 dedit:
328 2465 365 2511 ille
375 2464 458 2528 pedem
467 2465 564 2522 sustulit,
576 2463 613 2512 hio
624 2465 732 2512 tunimo.
755 2465 760 2470 “
