1924 2912
145 122 148 127 ·
179 94 213 148 40
335 125 338 132 ·
413 101 608 152 MARTIALIS

394 301 432 344 12.
448 301 479 345 Iu
494 301 639 346 Postumum.

112 435 116 444 ·
180 395 301 484 Esse'qurd
312 426 355 472 hoc
364 419 443 481 dicam,
462 427 522 488 quod
533 428 595 474 olent
607 429 714 474 turbarit
724 430 857 488 myrrhamff'

214 487 326 550 Quodque
334 491 374 536 tibi
385 499 420 538 est
431 507 544 552 nunquam
553 508 599 538 non
612 493 698 539 alienus
709 492 782 539 odor?

181 551 236 600 Hoc
254 555 308 600 mihi
323 563 451 617 suspectum
464 567 505 611 est,
521 557 582 618 quod
592 559 640 604 oles
650 559 714 614 bene,
730 557 853 615 Postume,

213 635 387 740 postffiffi
394 687 452 734 bene
463 688 514 742 olet,
526 688 563 748 qui
571 688 628 734 bene
638 703 727 750 semper
737 688 789 736 olei.
851 709 856 718 ·

390 819 427 862 15.
445 816 484 862 Au
496 818 598 864 Sotium.

243 943 277 991 Et
283 944 355 1008 judex
365 945 429 1006 petit,
440 952 463 992 et
473 947 529 1007 petit
539 953 654 1008 patronus.

164 1031 166 1034 ·
245 1009 331 1064 Solvas,
344 1025 431 1065 censeo,
445 1011 521 1066 Sexte,
530 1011 641 1058 creditori.

328 1143 366 1194 14.
382 1141 421 1186 Ad
433 1142 574 1196 Paulinum,
585 1142 614 1187 de
624 1141 692 1188 Selio.

178 1270 221 1318 Nil
231 1273 366 1320 intentatum
379 1274 458 1330 Sellus,
471 1274 503 1320 nil
513 1273 594 1335 linquit
604 1274 714 1330 inausum.

212 1334 355 1384 Coenandum
366 1339 454 1399 quoties
460 1341 508 1401 jrrrn
519 1340 581 1386 videt
591 1353 641 1385 erne
648 1339 716 1385 dorni.

179 1399 257 1450 Currit
265 1403 292 1448 ad
304 1402 418 1464 Europen,
430 1411 453 1450 et
463 1412 492 1458 te,
505 1404 605 1458 Pauline,
617 1411 713 1464 tuorque
757 1417 760 1424 ¹

210 1465 300 1514 Laudat
310 1465 433 1522 Achilleon,
444 1469 484 1529 red
494 1470 543 1515 sine
553 1467 604 1522 fine,
611 1469 692 1530 pedes.
802 1465 804 1470 ’

120 1562 124 1572 .
179 1531 204 1578 si
216 1531 271 1578 nihil
282 1531 374 1594 Europe
385 1532 444 1588 iecit,
456 1541 504 1579 turn
517 1534 584 1595 Septa
594 1540 707 1594 petuntur,

209 1597 286 1658 Siquid
298 1595 433 1658 Phillyrides
443 1605 541 1660 praertet,
554 1606 577 1644 et
587 1597 716 1647 AEronider.

179 1659 243 1708 Hine
252 1677 341 1722 qunque
349 1663 608 1724 derepturMemphiticr
618 1662 858 1724 templairequentnt‚*·
954 1655 955 1662 ἵ

208 1725 301 1773 Assidet
312 1734 335 1773 et
345 1727 461 1781 cathedris,
473 1735 554 1772 moeste
561 1729 666 1790 juvenca,
675 1728 727 1774 tuis.

177 1787 235 1838 Inde
244 1792 300 1852 petit
307 1801 397 1838 eentum
406 1792 526 1852 pendentia
536 1798 593 1838 tecte
606 1792 715 1839 columnis
723 1810 731 1850 ;

208 1853 274 1902 Illinc
284 1855 385 1917 Pompeii
397 1857 462 1910 donn,
475 1872 597 1916 nemusque
608 1857 697 1918 duplex.

174 1918 226 1966 Nec
237 1919 356 1966 Fortunati
367 1921 458 1982 rpemit.
470 1935 511 1966 nec
521 1921 600 1967 balnea
609 1917 694 1974 Fausti,

206 1982 258 2030 Nec
271 1985 345 2045 Grylli
356 1987 465 2039 tenebrae,
474 1985 618 2046 AEolienrque
625 1984 693 2048 Lupi.

173 2048 235 2096 Num
247 2049 340 2096 tlrennis
349 2049 430 2096 iterum
438 2051 525 2096 cunctis
535 2051 661 2110 iterumque
667 2051 761 2098 lavetur.

205 2113 290 2161 Omnia
299 2115 351 2160 euin
359 2113 418 2168 feeit,
431 2115 470 2161 sed
481 2123 589 2162 renuente
599 2113 653 2162 Deo
659 2132 667 2172 ;

172 2177 246 2226 Intus
254 2179 283 2226 nd
293 2179 397 2242 Europen
409 2179 489 2242 tepidae
499 2181 582 2226 buxeta
592 2181 693 2236 recurrit.

205 2243 280 2305 Siquis
289 2244 319 2290 uti
330 2259 404 2292 serum
416 2253 492 2305 carpet
503 2245 587 2290 amicus
597 2245 648 2292 iter.

173 2306 219 2355 Per
229 2315 258 2363 te,
270 2324 354 2370 perque
364 2317 432 2363 tuam,
444 2317 521 2356 vector
532 2309 621 2364 lascive,
633 2309 738 2370 puellam,

203 2371 242 2418 Ad
250 2387 338 2420 coenam
350 2374 435 2421 Selium
444 2381 475 2428 tu,
488 2389 551 2435 rogo,
563 2372 645 2429 Turre,
656 2389 721 2422 voce.
782 2419 784 2426 ,

365 2525 367 2532 ·
379 2506 416 2551 15.
431 2507 464 2552 Iu
475 2505 600 2551 Hermum.

234 2631 303 2687 Quod
310 2632 365 2680 nulli
376 2635 467 2680 calicem
476 2642 539 2682 tuum
551 2599 662 2697 propines,

230 2694 339 2746 Humane
348 2697 410 2757 freis,
423 2697 517 2758 Herme,
529 2715 575 2747 non
586 2701 686 2762 superbe.
