<?xml version="1.0" encoding="UTF-8"?>
<!DOCTYPE html PUBLIC "-//W3C//DTD XHTML 1.0 Transitional//EN"
    "http://www.w3.org/TR/xhtml1/DTD/xhtml1-transitional.dtd">
<html xmlns="http://www.w3.org/1999/xhtml" xml:lang="en" lang="en">
 <head>
  <title>
</title>
<meta http-equiv="Content-Type" content="text/html;charset=utf-8" />
  <meta name='ocr-system' content='tesseract 3.04.00' />
  <meta name='ocr-capabilities' content='ocr_page ocr_carea ocr_par ocr_line ocrx_word'/>
</head>
<body>
  <div class='ocr_page' id='page_1' title='image "./mvaleriimartial04martgoog_0164.png"; bbox 0 0 1922 2916; ppageno 0'>
   <div class='ocr_carea' id='block_1_1' title="bbox 240 90 780 152">
    <p class='ocr_par' dir='ltr' id='par_1_1' title="bbox 240 90 780 152">
     <span class='ocr_line' id='line_1_1' title="bbox 240 90 780 152; baseline 0.004 -12"><span class='ocrx_word' id='word_1_1' title='bbox 240 90 532 142; x_wconf 80' lang='lat' dir='ltr'>EPIGRAMMATUM</span> <span class='ocrx_word' id='word_1_2' title='bbox 550 91 601 140; x_wconf 83' lang='lat' dir='ltr'><strong>Lu.</strong></span> <span class='ocrx_word' id='word_1_3' title='bbox 613 91 658 139; x_wconf 90' lang='lat' dir='ltr'><strong>Vl.</strong></span> <span class='ocrx_word' id='word_1_4' title='bbox 732 97 780 152; x_wconf 64' lang='lat'><strong>153</strong></span> 
     </span>
    </p>
   </div>
   <div class='ocr_carea' id='block_1_2' title="bbox 119 217 752 479">
    <p class='ocr_par' dir='ltr' id='par_1_2' title="bbox 119 217 752 349">
     <span class='ocr_line' id='line_1_2' title="bbox 119 217 752 284; baseline 0.003 -18"><span class='ocrx_word' id='word_1_5' title='bbox 119 217 217 268; x_wconf 79' lang='lat' dir='ltr'><strong>Munere</strong></span> <span class='ocrx_word' id='word_1_6' title='bbox 227 235 311 284; x_wconf 72' lang='lat' dir='ltr'><strong>magna</strong></span> <span class='ocrx_word' id='word_1_7' title='bbox 320 223 409 284; x_wconf 85' lang='lat' dir='ltr'><strong>quidem</strong></span> <span class='ocrx_word' id='word_1_8' title='bbox 421 222 496 279; x_wconf 83' lang='lat' dir='ltr'><strong>misit3</strong></span> <span class='ocrx_word' id='word_1_9' title='bbox 513 223 552 269; x_wconf 91' lang='lat' dir='ltr'><strong>sed</strong></span> <span class='ocrx_word' id='word_1_10' title='bbox 563 223 624 270; x_wconf 92' lang='lat' dir='ltr'><strong>misit</strong></span> <span class='ocrx_word' id='word_1_11' title='bbox 634 223 658 269; x_wconf 89' lang='lat' dir='ltr'><strong>in</strong></span> <span class='ocrx_word' id='word_1_12' title='bbox 668 223 752 269; x_wconf 74' lang='lat' dir='ltr'><strong>hemor</strong></span> 
     </span>
     <span class='ocr_line' id='line_1_3' title="bbox 152 281 595 349; baseline 0.005 -19"><span class='ocrx_word' id='word_1_13' title='bbox 152 281 185 331; x_wconf 83' lang='lat' dir='ltr'><strong>Et</strong></span> <span class='ocrx_word' id='word_1_14' title='bbox 194 285 326 347; x_wconf 71' lang='lat' dir='ltr'><strong>piscatorem</strong></span> <span class='ocrx_word' id='word_1_15' title='bbox 337 288 404 348; x_wconf 87' lang='lat' dir='ltr'><strong>piscis</strong></span> <span class='ocrx_word' id='word_1_16' title='bbox 415 302 490 334; x_wconf 78' lang='lat' dir='ltr'><strong>enuere</strong></span> <span class='ocrx_word' id='word_1_17' title='bbox 500 287 595 349; x_wconf 77' lang='lat' dir='ltr'><strong>potest?</strong></span> 
     </span>
    </p>

    <p class='ocr_par' dir='ltr' id='par_1_3' title="bbox 121 345 638 479">
     <span class='ocr_line' id='line_1_4' title="bbox 121 345 595 399; baseline 0.004 -5"><span class='ocrx_word' id='word_1_18' title='bbox 121 345 219 396; x_wconf 82' lang='lat' dir='ltr'><strong>Hiecine</strong></span> <span class='ocrx_word' id='word_1_19' title='bbox 229 350 318 397; x_wconf 83' lang='lat' dir='ltr'><strong>deflebit</strong></span> <span class='ocrx_word' id='word_1_20' title='bbox 330 367 383 399; x_wconf 90' lang='lat' dir='ltr'><strong>vero</strong></span> <span class='ocrx_word' id='word_1_21' title='bbox 394 358 433 397; x_wconf 89' lang='lat' dir='ltr'><strong>tue</strong></span> <span class='ocrx_word' id='word_1_22' title='bbox 444 351 490 398; x_wconf 83' lang='lat' dir='ltr'><strong>iata</strong></span> <span class='ocrx_word' id='word_1_23' title='bbox 500 350 595 398; x_wconf 79' lang='lat' dir='ltr'><strong>dolore?</strong></span> 
     </span>
     <span class='ocr_line' id='line_1_5' title="bbox 153 412 638 479; baseline 0.008 -19"><span class='ocrx_word' id='word_1_24' title='bbox 153 412 178 460; x_wconf 89' lang='lat' dir='ltr'><strong>Si</strong></span> <span class='ocrx_word' id='word_1_25' title='bbox 189 417 257 477; x_wconf 88' lang='lat' dir='ltr'><strong>cupis,</strong></span> <span class='ocrx_word' id='word_1_26' title='bbox 270 423 294 462; x_wconf 89' lang='lat' dir='ltr'><strong>ut</strong></span> <span class='ocrx_word' id='word_1_27' title='bbox 304 417 382 479; x_wconf 88' lang='lat' dir='ltr'><strong>ploret,</strong></span> <span class='ocrx_word' id='word_1_28' title='bbox 394 417 440 470; x_wconf 82' lang='lat' dir='ltr'><strong>dea,</strong></span> <span class='ocrx_word' id='word_1_29' title='bbox 452 415 562 472; x_wconf 79' lang='lat' dir='ltr'><strong>Marinae,</strong></span> <span class='ocrx_word' id='word_1_30' title='bbox 574 415 638 464; x_wconf 86' lang='lat' dir='ltr'><strong>nibil.</strong></span> 
     </span>
    </p>
   </div>
   <div class='ocr_carea' id='block_1_3' title="bbox 311 549 575 596">
    <p class='ocr_par' dir='ltr' id='par_1_4' title="bbox 311 549 575 596">
     <span class='ocr_line' id='line_1_6' title="bbox 311 549 575 596; baseline 0.008 -2"><span class='ocrx_word' id='word_1_31' title='bbox 311 551 350 594; x_wconf 80' lang='lat'><strong>64.</strong></span> <span class='ocrx_word' id='word_1_32' title='bbox 366 549 396 596; x_wconf 75' lang='lat' dir='ltr'><strong>ln</strong></span> <span class='ocrx_word' id='word_1_33' title='bbox 408 549 575 596; x_wconf 71' lang='lat' dir='ltr'><strong>Detractum.</strong></span> 
     </span>
    </p>
   </div>
   <div class='ocr_carea' id='block_1_4' title="bbox 53 670 775 2738">
    <p class='ocr_par' dir='ltr' id='par_1_5' title="bbox 53 670 775 2738">
     <span class='ocr_line' id='line_1_7' title="bbox 122 670 673 738; baseline 0.011 -19"><span class='ocrx_word' id='word_1_34' title='bbox 122 670 181 720; x_wconf 86' lang='lat' dir='ltr'><strong>Cum</strong></span> <span class='ocrx_word' id='word_1_35' title='bbox 194 674 224 720; x_wconf 89' lang='lat' dir='ltr'><strong>sis</strong></span> <span class='ocrx_word' id='word_1_36' title='bbox 235 689 276 721; x_wconf 88' lang='lat' dir='ltr'><strong>nec</strong></span> <span class='ocrx_word' id='word_1_37' title='bbox 288 672 360 738; x_wconf 81' lang='lat' dir='ltr'><strong>rigidi</strong></span> <span class='ocrx_word' id='word_1_38' title='bbox 371 674 489 724; x_wconf 76' lang='lat' dir='ltr'><strong>Fabiorum</strong></span> <span class='ocrx_word' id='word_1_39' title='bbox 500 683 569 738; x_wconf 85' lang='lat' dir='ltr'><strong>gente</strong></span> <span class='ocrx_word' id='word_1_40' title='bbox 579 684 673 733; x_wconf 84' lang='lat' dir='ltr'><strong>orestus,</strong></span> 
     </span>
     <span class='ocr_line' id='line_1_8' title="bbox 121 735 775 802; baseline 0.009 -19"><span class='ocrx_word' id='word_1_41' title='bbox 121 735 173 784; x_wconf 87' lang='lat' dir='ltr'><strong>Nec</strong></span> <span class='ocrx_word' id='word_1_42' title='bbox 184 739 280 798; x_wconf 84' lang='lat' dir='ltr'><strong>qualem,</strong></span> <span class='ocrx_word' id='word_1_43' title='bbox 293 737 362 787; x_wconf 88' lang='lat' dir='ltr'><strong>Curio</strong></span> <span class='ocrx_word' id='word_1_44' title='bbox 373 740 425 786; x_wconf 90' lang='lat' dir='ltr'><strong>dum</strong></span> <span class='ocrx_word' id='word_1_45' title='bbox 437 741 529 802; x_wconf 74' lang='lat' dir='ltr'><strong>prandio</strong></span> <span class='ocrx_word' id='word_1_46' title='bbox 539 748 611 802; x_wconf 87' lang='lat' dir='ltr'><strong>portat</strong></span> <span class='ocrx_word' id='word_1_47' title='bbox 621 742 701 796; x_wconf 70' lang='lat' dir='ltr'><strong>manti,</strong></span> <span class='ocrx_word' id='word_1_48' title='bbox 772 785 775 794; x_wconf 91' lang='grc'><em>,</em></span> 
     </span>
     <span class='ocr_line' id='line_1_9' title="bbox 122 799 669 869; baseline 0.013 -22"><span class='ocrx_word' id='word_1_49' title='bbox 122 799 220 849; x_wconf 81' lang='lat' dir='ltr'><strong>Hirsutd</strong></span> <span class='ocrx_word' id='word_1_50' title='bbox 230 804 315 866; x_wconf 81' lang='lat' dir='ltr'><strong>peperit</strong></span> <span class='ocrx_word' id='word_1_51' title='bbox 325 805 447 852; x_wconf 76' lang='lat' dir='ltr'><strong>rubicunde</strong></span> <span class='ocrx_word' id='word_1_52' title='bbox 458 806 499 851; x_wconf 90' lang='lat' dir='ltr'><strong>sub</strong></span> <span class='ocrx_word' id='word_1_53' title='bbox 508 806 559 852; x_wconf 88' lang='lat' dir='ltr'><strong>ilice</strong></span> <span class='ocrx_word' id='word_1_54' title='bbox 569 807 669 869; x_wconf 71' lang='lat' dir='ltr'><strong>conJ&#39;ux5</strong></span> 
     </span>
     <span class='ocr_line' id='line_1_10' title="bbox 122 865 717 932; baseline 0.005 -19"><span class='ocrx_word' id='word_1_55' title='bbox 122 865 168 913; x_wconf 88' lang='lat' dir='ltr'><strong>Sed</strong></span> <span class='ocrx_word' id='word_1_56' title='bbox 178 868 246 928; x_wconf 79' lang='lat' dir='ltr'><strong>petris</strong></span> <span class='ocrx_word' id='word_1_57' title='bbox 257 869 285 914; x_wconf 86' lang='lat' dir='ltr'><strong>ed</strong></span> <span class='ocrx_word' id='word_1_58' title='bbox 295 869 409 930; x_wconf 82' lang='lat' dir='ltr'><strong>speculum</strong></span> <span class='ocrx_word' id='word_1_59' title='bbox 421 870 487 924; x_wconf 89' lang='lat' dir='ltr'><strong>tonsi,</strong></span> <span class='ocrx_word' id='word_1_60' title='bbox 502 871 621 931; x_wconf 78' lang='lat' dir='ltr'><strong>matrisque</strong></span> <span class='ocrx_word' id='word_1_61' title='bbox 632 876 717 932; x_wconf 80' lang='lat' dir='ltr'><strong>togntae</strong></span> 
     </span>
     <span class='ocr_line' id='line_1_11' title="bbox 121 928 663 995; baseline 0.011 -19"><span class='ocrx_word' id='word_1_62' title='bbox 121 928 201 986; x_wconf 78' lang='lat' dir='ltr'><strong>Filius,</strong></span> <span class='ocrx_word' id='word_1_63' title='bbox 213 939 237 978; x_wconf 89' lang='lat' dir='ltr'><strong>et</strong></span> <span class='ocrx_word' id='word_1_64' title='bbox 245 948 350 994; x_wconf 83' lang='lat' dir='ltr'><strong>sponsam</strong></span> <span class='ocrx_word' id='word_1_65' title='bbox 361 935 432 995; x_wconf 87' lang='lat' dir='ltr'><strong>possit</strong></span> <span class='ocrx_word' id='word_1_66' title='bbox 442 941 465 980; x_wconf 90' lang='lat' dir='ltr'><strong>te</strong></span> <span class='ocrx_word' id='word_1_67' title='bbox 516 949 557 982; x_wconf 86' lang='lat' dir='ltr'><strong>nss</strong></span> <span class='ocrx_word' id='word_1_68' title='bbox 566 949 663 993; x_wconf 78' lang='lat' dir='ltr'><strong>vocare3</strong></span> 
     </span>
     <span class='ocr_line' id='line_1_12' title="bbox 53 991 651 1059; baseline 0.012 -20"><span class='ocrx_word' id='word_1_69' title='bbox 53 991 57 1006; x_wconf 94' lang='lat'>&#39;</span> <span class='ocrx_word' id='word_1_70' title='bbox 123 993 252 1043; x_wconf 83' lang='lat' dir='ltr'><strong>Emendare</strong></span> <span class='ocrx_word' id='word_1_71' title='bbox 262 1013 331 1052; x_wconf 88' lang='lat' dir='ltr'><strong>rneos,</strong></span> <span class='ocrx_word' id='word_1_72' title='bbox 342 1014 398 1059; x_wconf 87' lang='lat' dir='ltr'><strong>quos</strong></span> <span class='ocrx_word' id='word_1_73' title='bbox 410 1000 473 1045; x_wconf 85' lang='lat' dir='ltr'><strong>novit</strong></span> <span class='ocrx_word' id='word_1_74' title='bbox 492 1015 548 1054; x_wconf 81' lang='lat' dir='ltr'><strong>uma,</strong></span> <span class='ocrx_word' id='word_1_75' title='bbox 559 999 651 1054; x_wconf 86' lang='lat' dir='ltr'><strong>libellos,</strong></span> 
     </span>
     <span class='ocr_line' id='line_1_13' title="bbox 121 1059 716 1126; baseline 0.01 -21"><span class='ocrx_word' id='word_1_76' title='bbox 121 1059 156 1106; x_wconf 88' lang='lat' dir='ltr'><strong>Et</strong></span> <span class='ocrx_word' id='word_1_77' title='bbox 166 1061 205 1107; x_wconf 83' lang='lat' dir='ltr'><strong>tibi</strong></span> <span class='ocrx_word' id='word_1_78' title='bbox 215 1063 325 1122; x_wconf 85' lang='lat' dir='ltr'><strong>permittis</strong></span> <span class='ocrx_word' id='word_1_79' title='bbox 336 1061 411 1110; x_wconf 78' lang='lat' dir='ltr'><strong>felices</strong></span> <span class='ocrx_word' id='word_1_80' title='bbox 422 1077 512 1126; x_wconf 84' lang='lat' dir='ltr'><strong>cerpere</strong></span> <span class='ocrx_word' id='word_1_81' title='bbox 523 1079 609 1126; x_wconf 67' lang='lat' dir='ltr'><strong>ougast</strong></span> <span class='ocrx_word' id='word_1_82' title='bbox 712 1115 716 1122; x_wconf 56' lang='grc'>,</span> 
     </span>
     <span class='ocr_line' id='line_1_14' title="bbox 122 1123 768 1188; baseline 0.008 -19"><span class='ocrx_word' id='word_1_83' title='bbox 122 1123 181 1180; x_wconf 86' lang='lat' dir='ltr'><strong>Has,</strong></span> <span class='ocrx_word' id='word_1_84' title='bbox 193 1127 290 1186; x_wconf 88' lang='lat' dir='ltr'><strong>inquam,</strong></span> <span class='ocrx_word' id='word_1_85' title='bbox 302 1141 381 1188; x_wconf 83' lang='lat' dir='ltr'><strong>nugas,</strong></span> <span class='ocrx_word' id='word_1_86' title='bbox 393 1128 472 1188; x_wconf 88' lang='lat' dir='ltr'><strong>quibus</strong></span> <span class='ocrx_word' id='word_1_87' title='bbox 483 1143 559 1176; x_wconf 85' lang='lat' dir='ltr'><strong>aurern</strong></span> <span class='ocrx_word' id='word_1_88' title='bbox 570 1129 687 1176; x_wconf 84' lang='lat' dir='ltr'><strong>advertere</strong></span> <span class='ocrx_word' id='word_1_89' title='bbox 697 1134 768 1176; x_wconf 84' lang='lat' dir='ltr'><strong>tutam</strong></span> 
     </span>
     <span class='ocr_line' id='line_1_15' title="bbox 121 1187 697 1254; baseline 0.01 -20"><span class='ocrx_word' id='word_1_90' title='bbox 121 1187 178 1235; x_wconf 88' lang='lat' dir='ltr'><strong>Non</strong></span> <span class='ocrx_word' id='word_1_91' title='bbox 189 1191 348 1252; x_wconf 79' lang='lat' dir='ltr'><strong>adspernantur</strong></span> <span class='ocrx_word' id='word_1_92' title='bbox 358 1207 462 1254; x_wconf 79' lang='lat' dir='ltr'><strong>proceres</strong></span> <span class='ocrx_word' id='word_1_93' title='bbox 473 1194 582 1253; x_wconf 88' lang='lat' dir='ltr'><strong>urbisque,</strong></span> <span class='ocrx_word' id='word_1_94' title='bbox 593 1192 697 1254; x_wconf 77' lang='lat' dir='ltr'><strong>forique3</strong></span> 
     </span>
     <span class='ocr_line' id='line_1_16' title="bbox 124 1252 614 1318; baseline 0.01 -19"><span class='ocrx_word' id='word_1_95' title='bbox 124 1252 189 1306; x_wconf 82' lang='lat' dir='ltr'><strong>Ques</strong></span> <span class='ocrx_word' id='word_1_96' title='bbox 200 1261 224 1300; x_wconf 89' lang='lat' dir='ltr'><strong>et</strong></span> <span class='ocrx_word' id='word_1_97' title='bbox 233 1256 333 1316; x_wconf 88' lang='lat' dir='ltr'><strong>perpetui</strong></span> <span class='ocrx_word' id='word_1_98' title='bbox 344 1255 465 1318; x_wconf 78' lang='lat' dir='ltr'><strong>dignantur</strong></span> <span class='ocrx_word' id='word_1_99' title='bbox 476 1258 556 1304; x_wconf 84' lang='lat' dir='ltr'><strong>scrinis</strong></span> <span class='ocrx_word' id='word_1_100' title='bbox 567 1257 614 1312; x_wconf 85' lang='lat' dir='ltr'><strong>Sili,</strong></span> 
     </span>
     <span class='ocr_line' id='line_1_17' title="bbox 123 1317 605 1383; baseline 0.01 -20"><span class='ocrx_word' id='word_1_101' title='bbox 123 1317 157 1364; x_wconf 83' lang='lat' dir='ltr'><strong>Et</strong></span> <span class='ocrx_word' id='word_1_102' title='bbox 168 1321 248 1380; x_wconf 86' lang='lat' dir='ltr'><strong>repetit</strong></span> <span class='ocrx_word' id='word_1_103' title='bbox 258 1320 324 1366; x_wconf 84' lang='lat' dir='ltr'><strong>toties</strong></span> <span class='ocrx_word' id='word_1_104' title='bbox 334 1319 430 1368; x_wconf 81' lang='lat' dir='ltr'><strong>ineundo</strong></span> <span class='ocrx_word' id='word_1_105' title='bbox 441 1320 545 1383; x_wconf 76' lang='lat' dir='ltr'><strong>Regulus</strong></span> <span class='ocrx_word' id='word_1_106' title='bbox 555 1338 605 1378; x_wconf 69' lang='lat' dir='ltr'><strong>orer</strong></span> 
     </span>
     <span class='ocr_line' id='line_1_18' title="bbox 123 1381 732 1448; baseline 0.008 -20"><span class='ocrx_word' id='word_1_107' title='bbox 123 1381 215 1444; x_wconf 80' lang='lat' dir='ltr'><strong>Quique</strong></span> <span class='ocrx_word' id='word_1_108' title='bbox 225 1383 286 1430; x_wconf 88' lang='lat' dir='ltr'><strong>videt</strong></span> <span class='ocrx_word' id='word_1_109' title='bbox 296 1385 386 1446; x_wconf 90' lang='lat' dir='ltr'><strong>propius</strong></span> <span class='ocrx_word' id='word_1_110' title='bbox 397 1387 473 1448; x_wconf 81' lang='lat' dir='ltr'><strong>msgni</strong></span> <span class='ocrx_word' id='word_1_111' title='bbox 484 1387 606 1432; x_wconf 83' lang='lat' dir='ltr'><strong>certamine</strong></span> <span class='ocrx_word' id='word_1_112' title='bbox 617 1383 685 1443; x_wconf 80' lang='lat' dir='ltr'><strong>Circi,</strong></span> <span class='ocrx_word' id='word_1_113' title='bbox 730 1403 732 1408; x_wconf 93' lang='lat'>·</span> 
     </span>
     <span class='ocr_line' id='line_1_19' title="bbox 124 1445 622 1507; baseline 0.01 -15"><span class='ocrx_word' id='word_1_114' title='bbox 124 1445 214 1494; x_wconf 76' lang='lat' dir='ltr'><strong>Laudat</strong></span> <span class='ocrx_word' id='word_1_115' title='bbox 224 1447 346 1496; x_wconf 67' lang='lat' dir='ltr'><strong>Aventinae</strong></span> <span class='ocrx_word' id='word_1_116' title='bbox 357 1451 443 1498; x_wconf 81' lang='lat' dir='ltr'><strong>vicinus</strong></span> <span class='ocrx_word' id='word_1_117' title='bbox 455 1451 512 1498; x_wconf 84' lang='lat' dir='ltr'><strong>Sura</strong></span> <span class='ocrx_word' id='word_1_118' title='bbox 523 1449 622 1507; x_wconf 78' lang='lat' dir='ltr'><strong>Disnae3</strong></span> 
     </span>
     <span class='ocr_line' id='line_1_20' title="bbox 124 1509 687 1576; baseline 0.007 -20"><span class='ocrx_word' id='word_1_119' title='bbox 124 1509 178 1572; x_wconf 89' lang='lat' dir='ltr'><strong>Ipse</strong></span> <span class='ocrx_word' id='word_1_120' title='bbox 188 1514 255 1559; x_wconf 83' lang='lat' dir='ltr'><strong>etiem</strong></span> <span class='ocrx_word' id='word_1_121' title='bbox 267 1520 329 1560; x_wconf 85' lang='lat' dir='ltr'><strong>tento</strong></span> <span class='ocrx_word' id='word_1_122' title='bbox 340 1514 443 1562; x_wconf 87' lang='lat' dir='ltr'><strong>dominus</strong></span> <span class='ocrx_word' id='word_1_123' title='bbox 454 1517 495 1562; x_wconf 84' lang='lat' dir='ltr'><strong>sub</strong></span> <span class='ocrx_word' id='word_1_124' title='bbox 505 1515 602 1576; x_wconf 89' lang='lat' dir='ltr'><strong>pondere</strong></span> <span class='ocrx_word' id='word_1_125' title='bbox 613 1529 687 1561; x_wconf 86' lang='lat' dir='ltr'><strong>rerum</strong></span> 
     </span>
     <span class='ocr_line' id='line_1_21' title="bbox 124 1573 679 1639; baseline 0.009 -18"><span class='ocrx_word' id='word_1_126' title='bbox 124 1573 179 1622; x_wconf 91' lang='lat' dir='ltr'><strong>Non</strong></span> <span class='ocrx_word' id='word_1_127' title='bbox 191 1577 323 1639; x_wconf 80' lang='lat' dir='ltr'><strong>dedignatur</strong></span> <span class='ocrx_word' id='word_1_128' title='bbox 333 1580 367 1624; x_wconf 87' lang='lat' dir='ltr'><strong>bis</strong></span> <span class='ocrx_word' id='word_1_129' title='bbox 378 1587 455 1639; x_wconf 85' lang='lat' dir='ltr'><strong>terque</strong></span> <span class='ocrx_word' id='word_1_130' title='bbox 466 1580 581 1626; x_wconf 85' lang='lat' dir='ltr'><strong>revolvere</strong></span> <span class='ocrx_word' id='word_1_131' title='bbox 593 1576 679 1627; x_wconf 74' lang='lat' dir='ltr'><strong>caesor.</strong></span> 
     </span>
     <span class='ocr_line' id='line_1_22' title="bbox 125 1640 698 1704; baseline 0.007 -18"><span class='ocrx_word' id='word_1_132' title='bbox 125 1640 171 1686; x_wconf 86' lang='lat' dir='ltr'><strong>Sed</strong></span> <span class='ocrx_word' id='word_1_133' title='bbox 181 1642 220 1687; x_wconf 91' lang='lat' dir='ltr'><strong>tibi</strong></span> <span class='ocrx_word' id='word_1_134' title='bbox 231 1643 281 1704; x_wconf 86' lang='lat' dir='ltr'><strong>plus</strong></span> <span class='ocrx_word' id='word_1_135' title='bbox 292 1644 380 1696; x_wconf 90' lang='lat' dir='ltr'><strong>mentis,</strong></span> <span class='ocrx_word' id='word_1_136' title='bbox 391 1644 430 1690; x_wconf 91' lang='lat' dir='ltr'><strong>tibi</strong></span> <span class='ocrx_word' id='word_1_137' title='bbox 441 1659 480 1689; x_wconf 89' lang='lat' dir='ltr'><strong>cor</strong></span> <span class='ocrx_word' id='word_1_138' title='bbox 490 1643 582 1690; x_wconf 78' lang='lat' dir='ltr'><strong>limante</strong></span> <span class='ocrx_word' id='word_1_139' title='bbox 592 1641 698 1690; x_wconf 75' lang='lat' dir='ltr'><strong>Minersd</strong></span> 
     </span>
     <span class='ocr_line' id='line_1_23' title="bbox 124 1705 666 1768; baseline 0.006 -18"><span class='ocrx_word' id='word_1_140' title='bbox 124 1705 213 1760; x_wconf 83' lang='lat' dir='ltr'><strong>Acrius,</strong></span> <span class='ocrx_word' id='word_1_141' title='bbox 226 1713 249 1752; x_wconf 88' lang='lat' dir='ltr'><strong>et</strong></span> <span class='ocrx_word' id='word_1_142' title='bbox 259 1715 338 1754; x_wconf 88' lang='lat' dir='ltr'><strong>tenues</strong></span> <span class='ocrx_word' id='word_1_143' title='bbox 348 1706 461 1754; x_wconf 81' lang='lat' dir='ltr'><strong>finxerrmt</strong></span> <span class='ocrx_word' id='word_1_144' title='bbox 471 1717 550 1768; x_wconf 89' lang='lat' dir='ltr'><strong>pectus</strong></span> <span class='ocrx_word' id='word_1_145' title='bbox 561 1709 666 1756; x_wconf 70' lang='lat' dir='ltr'><strong>Athene.</strong></span> 
     </span>
     <span class='ocr_line' id='line_1_24' title="bbox 124 1769 661 1836; baseline 0.002 -20"><span class='ocrx_word' id='word_1_146' title='bbox 124 1769 165 1816; x_wconf 89' lang='lat' dir='ltr'><strong>Ne</strong></span> <span class='ocrx_word' id='word_1_147' title='bbox 175 1771 268 1826; x_wconf 80' lang='lat' dir='ltr'><strong>valeam,</strong></span> <span class='ocrx_word' id='word_1_148' title='bbox 279 1772 299 1818; x_wconf 91' lang='lat' dir='ltr'><strong>si</strong></span> <span class='ocrx_word' id='word_1_149' title='bbox 310 1787 355 1817; x_wconf 89' lang='lat' dir='ltr'><strong>non</strong></span> <span class='ocrx_word' id='word_1_150' title='bbox 366 1773 439 1818; x_wconf 88' lang='lat' dir='ltr'><strong>multo</strong></span> <span class='ocrx_word' id='word_1_151' title='bbox 450 1773 507 1836; x_wconf 83' lang='lat' dir='ltr'><strong>sepit</strong></span> <span class='ocrx_word' id='word_1_152' title='bbox 518 1773 584 1818; x_wconf 86' lang='lat' dir='ltr'><strong>altius</strong></span> <span class='ocrx_word' id='word_1_153' title='bbox 594 1771 661 1827; x_wconf 83' lang='lat' dir='ltr'><strong>istud,</strong></span> 
     </span>
     <span class='ocr_line' id='line_1_25' title="bbox 125 1834 724 1898; baseline 0.007 -18"><span class='ocrx_word' id='word_1_154' title='bbox 125 1834 194 1888; x_wconf 83' lang='lat' dir='ltr'><strong>Quod</strong></span> <span class='ocrx_word' id='word_1_155' title='bbox 205 1851 256 1882; x_wconf 86' lang='lat' dir='ltr'><strong>cum</strong></span> <span class='ocrx_word' id='word_1_156' title='bbox 268 1836 390 1896; x_wconf 69' lang='lat' dir='ltr'><strong>panticibus</strong></span> <span class='ocrx_word' id='word_1_157' title='bbox 400 1837 464 1891; x_wconf 77' lang='lat' dir='ltr'><strong>lexis,</strong></span> <span class='ocrx_word' id='word_1_158' title='bbox 476 1843 499 1884; x_wconf 89' lang='lat' dir='ltr'><strong>et</strong></span> <span class='ocrx_word' id='word_1_159' title='bbox 509 1851 561 1884; x_wconf 86' lang='lat' dir='ltr'><strong>cum</strong></span> <span class='ocrx_word' id='word_1_160' title='bbox 571 1837 628 1898; x_wconf 89' lang='lat' dir='ltr'><strong>pede</strong></span> <span class='ocrx_word' id='word_1_161' title='bbox 637 1836 724 1898; x_wconf 78' lang='lat' dir='ltr'><strong>grsndi,</strong></span> 
     </span>
     <span class='ocr_line' id='line_1_26' title="bbox 124 1899 698 1962; baseline 0.002 -16"><span class='ocrx_word' id='word_1_162' title='bbox 124 1899 158 1946; x_wconf 83' lang='lat' dir='ltr'><strong>Et</strong></span> <span class='ocrx_word' id='word_1_163' title='bbox 169 1900 234 1962; x_wconf 78' lang='lat' dir='ltr'><strong>rubro</strong></span> <span class='ocrx_word' id='word_1_164' title='bbox 245 1901 358 1960; x_wconf 86' lang='lat' dir='ltr'><strong>pulmone,</strong></span> <span class='ocrx_word' id='word_1_165' title='bbox 370 1908 442 1956; x_wconf 92' lang='lat' dir='ltr'><strong>vetus,</strong></span> <span class='ocrx_word' id='word_1_166' title='bbox 453 1902 557 1961; x_wconf 76' lang='lat' dir='ltr'><strong>nasisque</strong></span> <span class='ocrx_word' id='word_1_167' title='bbox 568 1901 698 1956; x_wconf 86' lang='lat' dir='ltr'><strong>timendum,</strong></span> 
     </span>
     <span class='ocr_line' id='line_1_27' title="bbox 126 1963 645 2028; baseline 0.004 -18"><span class='ocrx_word' id='word_1_168' title='bbox 126 1963 210 2010; x_wconf 81' lang='lat' dir='ltr'><strong>Omnia</strong></span> <span class='ocrx_word' id='word_1_169' title='bbox 220 1964 315 2010; x_wconf 87' lang='lat' dir='ltr'><strong>crudelis</strong></span> <span class='ocrx_word' id='word_1_170' title='bbox 325 1965 398 2011; x_wconf 88' lang='lat' dir='ltr'><strong>lenius</strong></span> <span class='ocrx_word' id='word_1_171' title='bbox 408 1981 448 2027; x_wconf 88' lang='lat' dir='ltr'><strong>per</strong></span> <span class='ocrx_word' id='word_1_172' title='bbox 458 1967 555 2027; x_wconf 84' lang='lat' dir='ltr'><strong>compita</strong></span> <span class='ocrx_word' id='word_1_173' title='bbox 564 1972 645 2028; x_wconf 79' lang='lat' dir='ltr'><strong>portat.</strong></span> 
     </span>
     <span class='ocr_line' id='line_1_28' title="bbox 127 2029 675 2090; baseline 0.002 -16"><span class='ocrx_word' id='word_1_174' title='bbox 127 2029 206 2074; x_wconf 85' lang='lat' dir='ltr'><strong>Audes</strong></span> <span class='ocrx_word' id='word_1_175' title='bbox 216 2035 332 2090; x_wconf 84' lang='lat' dir='ltr'><strong>praeteree,</strong></span> <span class='ocrx_word' id='word_1_176' title='bbox 344 2045 400 2088; x_wconf 87' lang='lat' dir='ltr'><strong>quos</strong></span> <span class='ocrx_word' id='word_1_177' title='bbox 412 2030 486 2076; x_wconf 87' lang='lat' dir='ltr'><strong>nullus</strong></span> <span class='ocrx_word' id='word_1_178' title='bbox 497 2031 591 2085; x_wconf 84' lang='lat' dir='ltr'><strong>noverit,</strong></span> <span class='ocrx_word' id='word_1_179' title='bbox 603 2031 627 2076; x_wconf 90' lang='lat' dir='ltr'><strong>in</strong></span> <span class='ocrx_word' id='word_1_180' title='bbox 637 2045 675 2076; x_wconf 89' lang='lat' dir='ltr'><strong>me</strong></span> 
     </span>
     <span class='ocr_line' id='line_1_29' title="bbox 125 2093 710 2155; baseline -0.003 -15"><span class='ocrx_word' id='word_1_181' title='bbox 125 2093 226 2140; x_wconf 84' lang='lat' dir='ltr'><strong>Scribere</strong></span> <span class='ocrx_word' id='word_1_182' title='bbox 236 2093 365 2146; x_wconf 85' lang='lat' dir='ltr'><strong>versiculos,</strong></span> <span class='ocrx_word' id='word_1_183' title='bbox 377 2095 469 2144; x_wconf 79' lang='lat' dir='ltr'><strong>miseras</strong></span> <span class='ocrx_word' id='word_1_184' title='bbox 479 2101 502 2141; x_wconf 90' lang='lat' dir='ltr'><strong>et</strong></span> <span class='ocrx_word' id='word_1_185' title='bbox 512 2095 604 2155; x_wconf 85' lang='lat' dir='ltr'><strong>perdere</strong></span> <span class='ocrx_word' id='word_1_186' title='bbox 614 2095 710 2141; x_wconf 78' lang='lat' dir='ltr'><strong>charles.</strong></span> 
     </span>
     <span class='ocr_line' id='line_1_30' title="bbox 124 2157 645 2218; baseline 0.002 -15"><span class='ocrx_word' id='word_1_187' title='bbox 124 2159 159 2204; x_wconf 80' lang='lat' dir='ltr'><strong>At</strong></span> <span class='ocrx_word' id='word_1_188' title='bbox 169 2157 242 2218; x_wconf 84' lang='lat' dir='ltr'><strong>siquid</strong></span> <span class='ocrx_word' id='word_1_189' title='bbox 253 2165 337 2204; x_wconf 85' lang='lat' dir='ltr'><strong>nostrae</strong></span> <span class='ocrx_word' id='word_1_190' title='bbox 347 2158 387 2204; x_wconf 92' lang='lat' dir='ltr'><strong>tibi</strong></span> <span class='ocrx_word' id='word_1_191' title='bbox 397 2159 447 2205; x_wconf 88' lang='lat' dir='ltr'><strong>bilis</strong></span> <span class='ocrx_word' id='word_1_192' title='bbox 458 2159 563 2206; x_wconf 83' lang='lat' dir='ltr'><strong>inusserit</strong></span> <span class='ocrx_word' id='word_1_193' title='bbox 573 2159 645 2213; x_wconf 78' lang='lat' dir='ltr'><strong>endor,</strong></span> 
     </span>
     <span class='ocr_line' id='line_1_31' title="bbox 118 2221 714 2286; baseline 0.002 -19"><span class='ocrx_word' id='word_1_194' title='bbox 118 2221 202 2276; x_wconf 76' lang='lat' dir='ltr'><strong>-Vivet,</strong></span> <span class='ocrx_word' id='word_1_195' title='bbox 214 2229 237 2268; x_wconf 88' lang='lat' dir='ltr'><strong>et</strong></span> <span class='ocrx_word' id='word_1_196' title='bbox 249 2223 347 2277; x_wconf 84' lang='lat' dir='ltr'><strong>baerebit,</strong></span> <span class='ocrx_word' id='word_1_197' title='bbox 360 2230 451 2284; x_wconf 90' lang='lat' dir='ltr'><strong>totoque</strong></span> <span class='ocrx_word' id='word_1_198' title='bbox 461 2225 550 2286; x_wconf 85' lang='lat' dir='ltr'><strong>legetur</strong></span> <span class='ocrx_word' id='word_1_199' title='bbox 560 2224 584 2269; x_wconf 88' lang='lat' dir='ltr'><strong>iu</strong></span> <span class='ocrx_word' id='word_1_200' title='bbox 595 2223 665 2278; x_wconf 85' lang='lat' dir='ltr'><strong>orbe;</strong></span> <span class='ocrx_word' id='word_1_201' title='bbox 710 2267 714 2274; x_wconf 79' lang='grc'><em>,</em></span> 
     </span>
     <span class='ocr_line' id='line_1_32' title="bbox 125 2286 656 2348; baseline -0.002 -14"><span class='ocrx_word' id='word_1_202' title='bbox 125 2287 237 2348; x_wconf 77' lang='lat' dir='ltr'><strong>Stigmata</strong></span> <span class='ocrx_word' id='word_1_203' title='bbox 248 2303 290 2334; x_wconf 91' lang='lat' dir='ltr'><strong>nec</strong></span> <span class='ocrx_word' id='word_1_204' title='bbox 301 2286 364 2334; x_wconf 77' lang='lat' dir='ltr'><strong>vafri</strong></span> <span class='ocrx_word' id='word_1_205' title='bbox 374 2289 455 2334; x_wconf 91' lang='lat' dir='ltr'><strong>delebit</strong></span> <span class='ocrx_word' id='word_1_206' title='bbox 466 2286 591 2336; x_wconf 73' lang='lat' dir='ltr'><strong>Cinnamus</strong></span> <span class='ocrx_word' id='word_1_207' title='bbox 601 2294 656 2333; x_wconf 82' lang='lat' dir='ltr'><strong>arte.</strong></span> 
     </span>
     <span class='ocr_line' id='line_1_33' title="bbox 126 2351 651 2414; baseline -0.004 -16"><span class='ocrx_word' id='word_1_208' title='bbox 126 2351 171 2398; x_wconf 89' lang='lat' dir='ltr'><strong>Sed</strong></span> <span class='ocrx_word' id='word_1_209' title='bbox 181 2352 287 2398; x_wconf 86' lang='lat' dir='ltr'><strong>miserere</strong></span> <span class='ocrx_word' id='word_1_210' title='bbox 297 2353 346 2409; x_wconf 90' lang='lat' dir='ltr'><strong>tui;</strong></span> <span class='ocrx_word' id='word_1_211' title='bbox 363 2353 439 2398; x_wconf 87' lang='lat' dir='ltr'><strong>rabido</strong></span> <span class='ocrx_word' id='word_1_212' title='bbox 450 2368 492 2398; x_wconf 88' lang='lat' dir='ltr'><strong>nec</strong></span> <span class='ocrx_word' id='word_1_213' title='bbox 502 2353 601 2414; x_wconf 82' lang='lat' dir='ltr'><strong>perditus</strong></span> <span class='ocrx_word' id='word_1_214' title='bbox 612 2365 651 2397; x_wconf 91' lang='lat' dir='ltr'><strong>ore</strong></span> 
     </span>
     <span class='ocr_line' id='line_1_34' title="bbox 124 2415 604 2464; baseline -0.002 -1"><span class='ocrx_word' id='word_1_215' title='bbox 124 2415 260 2464; x_wconf 76' lang='lat' dir='ltr'><strong>Fumantem</strong></span> <span class='ocrx_word' id='word_1_216' title='bbox 272 2431 351 2462; x_wconf 79' lang='lat' dir='ltr'><strong>nusum</strong></span> <span class='ocrx_word' id='word_1_217' title='bbox 362 2417 408 2462; x_wconf 92' lang='lat' dir='ltr'><strong>vivi</strong></span> <span class='ocrx_word' id='word_1_218' title='bbox 420 2418 540 2463; x_wconf 79' lang='lat' dir='ltr'><strong>tentaveris</strong></span> <span class='ocrx_word' id='word_1_219' title='bbox 551 2417 604 2464; x_wconf 84' lang='lat' dir='ltr'><strong>ursi.</strong></span> 
     </span>
     <span class='ocr_line' id='line_1_35' title="bbox 124 2480 762 2542; baseline -0.003 -14"><span class='ocrx_word' id='word_1_220' title='bbox 124 2481 160 2528; x_wconf 88' lang='lat' dir='ltr'><strong>Sit</strong></span> <span class='ocrx_word' id='word_1_221' title='bbox 169 2480 269 2542; x_wconf 76' lang='lat' dir='ltr'><strong>placidus</strong></span> <span class='ocrx_word' id='word_1_222' title='bbox 280 2481 339 2535; x_wconf 85' lang='lat' dir='ltr'><strong>licet,</strong></span> <span class='ocrx_word' id='word_1_223' title='bbox 351 2488 374 2528; x_wconf 90' lang='lat' dir='ltr'><strong>et</strong></span> <span class='ocrx_word' id='word_1_224' title='bbox 385 2481 467 2527; x_wconf 72' lang='lat' dir='ltr'><strong>lambat</strong></span> <span class='ocrx_word' id='word_1_225' title='bbox 477 2482 610 2542; x_wconf 82' lang='lat' dir='ltr'><strong>digitosque,</strong></span> <span class='ocrx_word' id='word_1_226' title='bbox 621 2493 762 2540; x_wconf 84' lang='lat' dir='ltr'><strong>manusque;</strong></span> 
     </span>
     <span class='ocr_line' id='line_1_36' title="bbox 126 2542 594 2607; baseline -0.004 -15"><span class='ocrx_word' id='word_1_227' title='bbox 126 2542 151 2592; x_wconf 83' lang='lat' dir='ltr'><strong>Si</strong></span> <span class='ocrx_word' id='word_1_228' title='bbox 163 2545 232 2600; x_wconf 92' lang='lat' dir='ltr'><strong>dolor,</strong></span> <span class='ocrx_word' id='word_1_229' title='bbox 245 2553 268 2591; x_wconf 89' lang='lat' dir='ltr'><strong>et</strong></span> <span class='ocrx_word' id='word_1_230' title='bbox 278 2545 335 2600; x_wconf 86' lang='lat' dir='ltr'><strong>bilis,</strong></span> <span class='ocrx_word' id='word_1_231' title='bbox 348 2547 365 2592; x_wconf 88' lang='lat' dir='ltr'><strong>si</strong></span> <span class='ocrx_word' id='word_1_232' title='bbox 372 2547 435 2607; x_wconf 83' lang='lat' dir='ltr'><strong>juste</strong></span> <span class='ocrx_word' id='word_1_233' title='bbox 445 2546 545 2607; x_wconf 68' lang='lat' dir='ltr'><strong>coegerit</strong></span> <span class='ocrx_word' id='word_1_234' title='bbox 555 2546 594 2600; x_wconf 84' lang='lat' dir='ltr'><strong>irs,</strong></span> 
     </span>
     <span class='ocr_line' id='line_1_37' title="bbox 126 2606 648 2671; baseline -0.002 -15"><span class='ocrx_word' id='word_1_235' title='bbox 126 2609 201 2656; x_wconf 90' lang='lat' dir='ltr'><strong>Ursus</strong></span> <span class='ocrx_word' id='word_1_236' title='bbox 212 2611 269 2658; x_wconf 77' lang='lat' dir='ltr'><strong>erit:</strong></span> <span class='ocrx_word' id='word_1_237' title='bbox 289 2609 359 2657; x_wconf 77' lang='lat' dir='ltr'><strong>vacui</strong></span> <span class='ocrx_word' id='word_1_238' title='bbox 370 2611 448 2656; x_wconf 88' lang='lat' dir='ltr'><strong>dentes</strong></span> <span class='ocrx_word' id='word_1_239' title='bbox 458 2611 482 2659; x_wconf 89' lang='lat' dir='ltr'><strong>in</strong></span> <span class='ocrx_word' id='word_1_240' title='bbox 493 2610 551 2671; x_wconf 85' lang='lat' dir='ltr'><strong>pelle</strong></span> <span class='ocrx_word' id='word_1_241' title='bbox 560 2606 648 2670; x_wconf 75' lang='lat' dir='ltr'><strong>litiges,</strong></span> 
     </span>
     <span class='ocr_line' id='line_1_38' title="bbox 92 2673 729 2738; baseline -0.008 -15"><span class='ocrx_word' id='word_1_242' title='bbox 92 2709 95 2714; x_wconf 88' lang='lat'>-</span> <span class='ocrx_word' id='word_1_243' title='bbox 121 2673 156 2723; x_wconf 84' lang='lat' dir='ltr'><strong>Et</strong></span> <span class='ocrx_word' id='word_1_244' title='bbox 166 2675 256 2723; x_wconf 71' lang='lat' dir='ltr'><strong>tacitam</strong></span> <span class='ocrx_word' id='word_1_245' title='bbox 267 2690 361 2736; x_wconf 76' lang='lat' dir='ltr'><strong>quaerss,</strong></span> <span class='ocrx_word' id='word_1_246' title='bbox 373 2689 439 2736; x_wconf 85' lang='lat' dir='ltr'><strong>quem</strong></span> <span class='ocrx_word' id='word_1_247' title='bbox 450 2675 522 2738; x_wconf 83' lang='lat' dir='ltr'><strong>possis</strong></span> <span class='ocrx_word' id='word_1_248' title='bbox 532 2673 618 2729; x_wconf 87' lang='lat' dir='ltr'><strong>rodere,</strong></span> <span class='ocrx_word' id='word_1_249' title='bbox 629 2683 729 2720; x_wconf 72' lang='lat' dir='ltr'><strong>curnem.</strong></span> 
     </span>
    </p>
   </div>
   <div class='ocr_carea' id='block_1_5' title="bbox 0 0 971 2916">
    <p class='ocr_par' dir='ltr' id='par_1_6' title="bbox 0 0 971 2916">
     <span class='ocr_line' id='line_1_39' title="bbox 0 0 971 2916; baseline 0 0"><span class='ocrx_word' id='word_1_250' title='bbox 0 0 971 2916; x_wconf 95' lang='lat' dir='ltr'><strong> </strong></span> 
     </span>
    </p>
   </div>
  </div>
 </body>
</html>
