1864 2922
238 87 537 146 neranamnrarum
554 92 666 168 maxa
741 105 788 150 sn

151 219 185 270 Et
195 234 236 269 sua
246 221 297 282 plus
308 221 370 276 nulli,
381 235 449 282 quam
459 223 506 280 tim
518 225 598 286 lingua
608 235 683 276 nocet.

117 285 204 336 Audiat
214 287 286 333 aedilis
297 301 325 332 ne
337 294 365 339 te,
378 287 504 348 videatque,
516 298 611 337 caveto:

150 351 285 400 Portentum
296 359 337 407 est,
349 349 437 413 quaties
448 355 518 416 eoepit
527 356 605 419 imago
614 357 684 420 loqui.

310 486 363 530 103.
381 483 420 528 Ad
433 484 595 543 Sophronam

115 611 191 661 Tanta
200 591 240 659 tibi
251 615 287 659 est*
297 612 365 658 animi
376 612 474 674 probitas
484 614 580 675 orisque,
592 616 711 680 sophroni,

149 677 186 726 Ut
194 679 262 725 mirer
272 676 321 724 fieri
332 685 355 724 te
365 679 466 740 potuisse
476 685 570 741 patrem.

311 811 365 857 104.
380 810 413 858 In
429 810 536 858 Uxorem.

115 939 191 997 Uxor,
200 939 258 988 vade
267 938 336 993 faras,
347 947 386 986 aut
397 939 496 988 moribus
507 947 571 988 utere
581 943 675 990 nostris:

147 1006 202 1053 Non
213 1021 258 1068 ego
270 1021 318 1052 rum
331 1002 421 1058 Curius,
432 1020 478 1054 non
491 1005 575 1061 Numa,
586 1021 634 1054 non
644 1007 732 1056 Tatius.

8 1075 10 1078 ’
113 1071 353 1134 MeJucundajuvant
364 1077 442 1116 tractae
453 1086 493 1133 per
503 1072 584 1132 pocula
594 1080 686 1120 noete&

144 1137 183 1183 Tu
193 1151 298 1199 properas
308 1131 362 1196 potd
372 1149 466 1198 surgere
474 1137 544 1184 tristis
555 1136 619 1199 aqud.

112 1201 150 1251 Tu
160 1202 258 1248 tenebris
268 1201 367 1262 gaudes:
388 1215 426 1246 me
435 1201 512 1248 ludere
522 1209 580 1250 teste
591 1201 689 1260 lucernd,

143 1265 177 1315 Et
182 1268 249 1328 juuat
259 1262 356 1312 admissa
367 1280 471 1328 rumpere
480 1265 531 1314 luca
541 1267 607 1315 latus.
685 1288 687 1296 ¹

110 1331 192 1381 Fascia
202 1340 232 1386 te,
243 1331 378 1390 tunicaeque,
390 1331 528 1391 obscuraque
537 1333 604 1394 pallia
614 1333 702 1380 selant:

142 1398 177 1445 At
187 1397 242 1448 mihi
253 1395 314 1442 nulla
325 1396 378 1442 satir
389 1395 449 1442 nuda
459 1397 533 1457 puellu
537 1399 607 1459 jacet

108 1462 179 1512 Beria
189 1477 226 1510 me
237 1463 328 1522 capiunt
337 1461 429 1506 blandas
439 1461 527 1508 imitata
536 1463 666 1510 columbas:

140 1527 179 1574 Tu
190 1527 245 1572 mihi
256 1527 302 1580 das,
314 1525 371 1572 aviae
382 1525 456 1584 qualia
467 1541 533 1572 mane
543 1527 610 1574 soles.

108 1591 160 1640 Nec
170 1600 235 1638 rnotu
245 1591 346 1652 dignaris
356 1605 418 1651 opus,
431 1605 472 1636 nec
484 1607 540 1637 voce
548 1593 636 1654 juvare,

140 1656 193 1704 Nec
204 1656 294 1718 digitis:
314 1662 427 1716 tamquam
439 1655 510 1710 thura,
521 1671 654 1717 merumque
664 1671 736 1720 pares.

108 1721 308 1770 Masturbabantur
320 1719 415 1781 Phrygii
427 1727 478 1781 post
489 1721 546 1766 ostia
557 1721 623 1776 servi,

141 1785 259 1834 Hectoreo
269 1785 357 1846 quoties
368 1785 455 1832 sederat
466 1799 522 1840 uxor
533 1801 599 1846 equo.

105 1851 147 1908 Et,
158 1851 261 1913 quamvis
272 1848 351 1896 Ithaco
363 1855 476 1903 stertente,
489 1850 569 1911 pudica
580 1850 665 1898 solebat

139 1915 191 1964 Illic
202 1914 316 1976 Penelope
327 1929 415 1974 semper
426 1915 507 1962 habere
518 1930 616 1962 manum.

105 1981 224 2032 Pedicare
234 1995 320 2041 negas:
340 1979 406 2026 dabat
416 1981 460 2024 hoe
472 1977 579 2026 Comeliu
589 1981 701 2036 Graccho,

138 2045 203 2095 salia
214 2044 331 2106 Pompeio,
343 2043 432 2098 Porcia,
440 2043 523 2098 Brute,
536 2046 581 2092 tibi.

104 2109 192 2161 Dulcia
201 2109 319 2158 Dardanio
331 2109 431 2156 nondum
441 2110 551 2156 miscente
561 2111 665 2158 ministro

139 2175 231 2230 Pocula,
243 2172 305 2222 Juno
315 2172 359 2220 fuit
369 2189 410 2236 pro
423 2173 558 2234 Ganymede
568 2173 629 2222 Jovi.

103 2243 129 2291 si
142 2250 166 2288 te
176 2239 273 2288 delectat
282 2238 389 2301 gravitas.
401 2237 509 2285 Lucretia
520 2247 568 2286 toto

139 2307 177 2354 sa
186 2305 241 2353 licet
251 2319 322 2364 usque
332 2303 369 2350 die
379 2322 384 2350 :
405 2301 477 2350 Laida
488 2311 555 2351 noete
564 2303 626 2351 volo.

301 2430 355 2477 10⁵.
371 2429 411 2476 Ad
426 2429 561 2478 Garricum.

101 2527 214 2614 Mittdbaa
223 2561 312 2609 libram:
332 2558 486 2621 quadrantem,
499 2559 601 2616 Garrice,
612 2559 690 2608 mittis.

134 2629 222 2678 Saltem
232 2625 356 2683 seminam
368 2624 470 2683 Garrice,
481 2625 546 2675 solve
556 2626 618 2674 mihi.
