1922 2916
174 127 221 170 196
408 118 599 168 MARTIALIS

366 254 403 298 17.
420 252 461 298 Ad
472 254 573 298 Sextum.

171 379 225 442 Egi,
238 379 312 435 Sexte,
325 387 392 436 tuam,
404 387 482 442 pactus
493 381 537 426 duo
548 379 624 433 millia,
636 379 734 426 causanl.

205 443 289 490 Misisti
297 459 405 490 nummos
416 453 471 506 quot
481 444 555 490 milri?
571 443 646 491 mille:
665 442 783 506 quidest?

172 506 275 555 Narrristi
287 511 348 564 nihil,
360 510 449 569 inquis;
468 517 491 554 et
501 524 515 554 a
526 517 548 555 te
559 509 646 570 prodita
656 524 723 556 eausa
733 516 776 555 est«

204 572 279 620 Tanto
290 574 340 636 plus
350 575 423 629 debes,
437 573 512 628 Sexte,
524 575 584 634 quod
595 575 679 620 erubui.

344 671 348 681 ’
364 705 401 747 rs.
417 703 456 747 na
469 702 595 748 eremum.

172 830 197 876 Si
209 837 253 884 tua,
267 829 345 884 cirini,
356 847 445 892 promas
456 832 617 892 epigrammata
626 832 704 894 vulgo,

203 895 247 940 Vel
258 911 346 942 mecum
357 897 435 957 possis,
447 897 484 941 vel
495 897 555 956 prior
567 897 614 957 ipse
625 897 683 957 legi:

171 961 216 1008 Sed
227 961 266 1006 tibi
278 967 352 1006 tantus
363 962 421 1006 inest
432 961 514 1006 veteris
525 969 640 1021 respectus
647 961 721 1015 amici,

204 1024 283 1073 Carior
294 1032 319 1070 ut
329 1039 379 1070 mea
390 1027 425 1079 sit,
437 1039 504 1086 quam
514 1032 553 1070 tua
564 1024 624 1072 fama
634 1026 681 1071 tibi.

169 1090 207 1136 Sic
219 1090 286 1135 Maro
298 1105 339 1134 nec
352 1088 440 1137 Calabri
451 1090 547 1134 tentavit
557 1091 655 1135 earmina
666 1089 748 1145 Flacci,

203 1153 333 1200 Pindaricos
343 1152 420 1200 ndsset
431 1169 482 1199 eum
497 1169 600 1215 superare
612 1154 705 1210 modos;

170 1218 203 1266 Et
214 1219 285 1265 Vario
296 1221 364 1265 cessit
375 1218 474 1264 Romani
486 1218 550 1264 laude
561 1219 672 1273 cothurni,

202 1281 262 1331 Cum
273 1291 349 1344 posset
360 1285 446 1344 tragico
457 1283 536 1328 fortius
547 1299 586 1329 ore
597 1283 665 1343 loqui.

152 1373 156 1380 ·
169 1347 265 1402 Aurum,
277 1355 300 1393 et
311 1363 371 1409 opes,
383 1357 406 1394 et
418 1363 469 1394 rura
478 1346 584 1407 frequens
595 1349 686 1394 donabit
696 1346 797 1394 unicust

200 1411 247 1467 Qui
258 1412 313 1460 velit
323 1413 415 1475 ingenio
426 1413 511 1467 cedere,
524 1427 587 1460 rarus
599 1414 648 1459 erit.

362 1545 400 1589 19.
414 1540 454 1587 De
466 1538 554 1587 Cinnt.

201 1667 292 1733 Pauper
301 1669 371 1717 videri
383 1667 457 1717 Cinna
468 1670 517 1716 vult
525 1686 533 1728 ς
551 1676 575 1716 et
584 1675 620 1716 est
629 1681 720 1731 pauper.

362 1803 400 1848 20.
416 1802 456 1846 Ad
473 1801 568 1846 Varum.

169 1925 229 1976 Cum
240 1926 309 1975 iacias
320 1943 399 1974 versus
410 1925 472 1974 nulli
483 1941 529 1974 non
540 1928 591 1973 luce
602 1927 707 1979 ducenos,

199 1991 268 2048 Vane,
280 1993 336 2038 nihil
347 1994 438 2039 recitas:
459 2008 505 2039 non
516 1993 582 2054 sapis,
595 1999 661 2053 atque
672 1990 737 2052 sapis.

231 2121 271 2166 21.
288 2120 328 2165 Act
340 2116 488 2180 Luciferum,
500 2119 528 2164 do
540 2117 649 2162 Adventu
661 2116 768 2162 Cesarea

165 2246 304 2308 Phosphore‚
315 2249 382 2294 redde
393 2248 462 2294 diem:
482 2245 534 2306 quid
543 2245 624 2306 gaudia
632 2252 709 2292 nostra
717 2244 833 2293 moraris?

198 2310 291 2359 Caessre
301 2320 403 2367 venturo,
417 2311 555 2371 Phosphoro,
567 2310 633 2356 redde
645 2309 711 2355 diem.

165 2374 241 2422 Roma
252 2384 324 2438 rogat.
347 2377 432 2424 Placidi
444 2375 552 2436 numquid
563 2382 586 2420 ta
596 2375 661 2434 pigra
672 2373 755 2420 Boorae

200 2437 303 2486 Plaustra
315 2443 407 2494 vehunt,
418 2441 481 2486 lento
492 2439 552 2498 quod
562 2439 629 2483 nimis
639 2439 694 2498 igne
705 2436 788 2486 venis?

166 2502 251 2549 Ledaeo
262 2511 350 2564 poteras
361 2505 469 2550 abducere
481 2501 591 2564 Cyllaron
602 2507 678 2550 atrox

197 2565 301 2629 ipsosne
313 2569 377 2615 cedet
386 2583 448 2622 nuuc
458 2569 498 2615 tibi
510 2565 592 2618 Castor
603 2581 668 2628 equo.
