1922 2916
183 99 230 143 rao
297 145 299 148 ,
416 92 609 144 MARTIALIs
707 86 710 96 '

374 289 413 333 65.
427 287 467 334 De
478 288 533 335 nitio
545 287 658 352 (leutico).

182 415 287 477 Perpetui
298 427 413 474 nunquam
423 415 530 461 morituro
539 415 654 462 volumina
666 415 706 463 siit

214 481 261 536 Qui
271 479 335 540 legis,
346 485 370 524 et
381 476 448 526 Latit
457 480 556 525 carmina
567 481 636 542 digna
645 479 714 542 togi3

181 543 268 594 Pierios
279 549 365 589 tantum
376 543 422 587 vati
432 543 542 602 placuisse
553 559 653 591 recessus

212 608 303 660 Credis·
310 614 334 653 et
344 607 425 652 Aoniae
436 605 548 653 Bacchide
558 616 617 654 serta
628 609 716 656 comaei

180 674 248 723 Sacra
258 672 383 719 cothurnati
394 686 440 716 non
450 672 525 732 attigit
535 680 586 718 ante
598 672 708 729 Maronis,

212 737 319 800 Implevit
328 736 404 796 magni
414 750 480 794 quarn
493 734 609 782 Ciceronis
620 753 683 798 opus.

125 849 127 857 ,
179 802 251 850 Hunc
261 801 354 847 miramr
364 800 435 844 adhue
446 806 536 845 centum
547 801 624 861 gravis
635 803 699 848 hasta
709 803 826 862 virorum;

212 865 283 913 Hunc
293 865 466 925 loquiturgrato
477 864 586 924 plurimus
596 881 635 912 ore
646 867 722 914 cliens.

179 931 302 991 Postquam
313 930 347 975 bis
358 929 417 974 senis
427 928 542 988 ingentem
553 929 649 976 lusoibirs
660 946 744 978 ausum

210 995 316 1046 Reserat,
328 999 412 1039 asserto
423 993 460 1052 qui
471 1007 533 1039 sacer
544 993 597 1040 orbe
606 993 655 1049 luit,
698 1015 705 1036 u

178 1059 292 1110 Emeritos
304 1057 379 1104 Musis
390 1064 413 1102 et
424 1056 511 1103 Phoebo
521 1058 612 1104 tradidit
622 1073 709 1114 annon

209 1123 301 1184 Proque
311 1137 352 1167 suo
363 1121 458 1166 celebrat
469 1137 528 1167 nunc
541 1121 653 1170 Helicona
663 1123 719 1172 loro.

368 1251 408 1293 64.
424 1249 455 1294 In
468 1248 615 1296 cinnamum.

176 1380 224 1436 Qui
234 1387 313 1428 tonsor
322 1377 397 1424 fueras
406 1375 455 1423 total
465 1377 594 1425 notissimus
605 1380 664 1434 urbe,

207 1444 240 1492 Et
250 1451 301 1506 post
307 1443 357 1489 limo
368 1440 464 1488 dominae
475 1457 567 1488 munere
577 1442 651 1490 laetus
660 1459 735 1506 eques,

177 1509 276 1558 Sicanias
287 1507 351 1554 urbes
362 1505 497 1566 AEtnreaque
508 1519 578 1568 regna
588 1507 670 1569 petisti,

207 1572 323 1627 Cinname
335 1585 386 1617 cum
396 1569 569 1632 lugeres-tristia
574 1573 627 1633 jura
636 1572 686 1620 lori.

175 1637 229 1694 Qut
239 1652 299 1683 nunc
310 1642 358 1682 arte
367 1649 448 1696 graves
456 1635 560 1682 tolerabis
570 1637 655 1684 inutilis
666 1638 755 1686 annosi

207 1703 269 1758 Quid
278 1699 332 1748 facit
342 1699 420 1746 inlelix
430 1706 454 1744 et
463 1697 560 1760 fugitiva
569 1700 651 1760 quiesi

90 1809 92 1814 .
172 1766 228 1813 Non
239 1767 320 1819 rhetor,
332 1779 378 1810 non
389 1764 554 1825 grammaticus,
565 1764 640 1812 ludive
650 1767 764 1830 magister,
789 1765 795 1780 ⁸

203 1830 258 1878 Non
271 1825 378 1890 Cynicus,
390 1843 435 1873 nou
446 1835 471 1872 tu
483 1829 574 1874 Stoicus
583 1844 634 1876 esse
643 1838 721 1891 potesg

171 1895 277 1943 Vendere
287 1908 329 1939 nec
341 1907 418 1938 vocem
431 1891 512 1938 Siculis
522 1893 669 1954 plausumque
679 1896 785 1945 them-p„

203 1959 271 2014 Quod
282 1964 389 2020 superest,
400 1957 488 2012 iterum,
500 1956 618 2012 Cinnam
629 1961 765 2009 tonsorem

361 2088 399 2134 65.
414 2089 447 2134 In
461 2087 637 2156 Gargilianum.

167 2219 208 2266 Lis
219 2219 286 2265 tebit
297 2218 389 2264 decimas
400 2222 554 2263 numerantem
565 2216 649 2278 frigora
659 2217 748 2263 brumae

200 2282 304 2331 Conterit
313 2295 358 2327 una
368 2282 445 2334 tribus,
458 2281 596 2342 Gargiliane,
607 2279 668 2326 loris.

165 2346 203 2394 Ah
215 2347 288 2400 miser,
300 2353 323 2392 et
333 2345 439 2392 demens!
458 2345 538 2406 viginti
549 2345 623 2406 litigat
633 2345 697 2392 annis

198 2409 331 2470 Quisquam,
342 2410 379 2456 cui
389 2410 456 2464 vinei,
468 2409 606 2470 Gargilime,
617 2409 688 2456 lieet?
