1864 2922
168 141 219 186 ³24
272 147 278 162 ‘
406 131 599 184 MARTIALIS

236 265 340 322 Quarum
352 265 425 312 dulcia
435 266 506 312 mixta
517 272 570 312 sunt
580 259 675 314 bmaris:

236 331 284 380 seu
289 330 390 393 jucunda
400 338 475 376 tamen
485 320 549 376 fuere
559 330 630 392 plura·

238 395 273 444 Et
284 396 302 442 si
313 395 411 442 calculus
422 396 495 440 omnis
506 396 550 440 huc
561 403 585 441 et
594 395 649 442 illuc

238 459 352 508 Diversus
362 460 491 520 bicolorque
500 461 621 522 digeratur,

238 523 325 571 Vincet
335 525 429 571 candida
439 525 503 570 turba
513 525 643 586 nigriorem.

241 590 266 638 si
277 589 349 637 vitare
359 589 415 636 velis
426 591 504 636 acerba
514 591 625 650 quaedam,

240 653 275 702 Et
285 655 361 701 tristes
371 656 441 700 animi
450 669 529 700 cavere
539 669 635 710 morsus,

241 719 307 766 Nulli
318 726 341 765 te
352 718 420 766 iacias
431 720 498 764 nimis
509 719 616 765 sodalem.

244 783 359 832 Gaudebis
370 784 454 838 minus,
463 790 486 829 et
496 783 571 830 minus
582 782 674 830 dolebis·

371 916 412 963 55.
428 914 468 961 Ad
480 915 645 962 Callistratum.

182 1046 308 1110 Tamquam
319 1047 449 1108 simpliciter
459 1061 554 1102 mecum,
568 1045 703 1103 Callistrato,
713 1048 785 1104 viras,

214 1113 300 1161 Dicere
309 1113 420 1175 percisum
432 1119 455 1158 te
465 1112 520 1158 mibi
531 1127 592 1174 saepe
603 1113 668 1159 soles.

182 1178 240 1227 Non
251 1193 276 1225 es
286 1183 333 1224 tam
344 1177 445 1240 simplex,
457 1192 524 1238 quam
536 1178 578 1231 vis,
591 1175 726 1232 Callistrate,
738 1179 817 1227 credit

216 1242 279 1292 Nem
289 1242 390 1306 quisquis
400 1249 475 1288 umrat
486 1242 545 1298 talia,
556 1241 621 1304 plura
629 1249 696 1290 tacet.

350 1417 351 1420 Ἴ
378 1371 418 1415 36.
434 1369 468 1414 In
478 1367 613 1416 Labullum.

248 1487 333 1546 'Libras
343 1500 448 1554 quattuor
458 1501 497 1540 aut
507 1493 562 1540 duas
572 1495 652 1551 amico,

252 1561 421 1622 Algentemque
431 1567 516 1620 togam,
527 1560 663 1621 brevemque
672 1560 761 1618 laenam,

153 1641 155 1646 ·
252 1625 370 1674 Interdum
382 1623 483 1670 aureolos
494 1639 562 1670 manu
573 1632 697 1686 crepantes,

252 1689 347 1744 Possint
358 1688 439 1735 ducere
449 1689 487 1748 qui
498 1689 553 1736 duas
565 1687 686 1746 Kalendas,

255 1753 325 1810 Quod
335 1767 409 1808 nemo,
421 1754 463 1798 nisi
475 1760 506 1807 tu,
519 1753 620 1809 Labulle,
632 1755 709 1811 donas,

253 1819 311 1868 Non
322 1833 353 1872 es,
365 1817 431 1864 crode
440 1818 502 1873 mihi,
512 1819 592 1866 bonus.
613 1819 676 1873 Quid
686 1821 760 1884 ergo?

256 1885 292 1932 Ut
302 1897 380 1930 verum
391 1881 475 1944 loquar,
487 1885 585 1944 optimus
591 1885 713 1934 malorum.

256 1949 360 2002 Ilsones,
373 1947 519 2008 Senecasque,
531 1948 706 2011 Memmiosque,

257 2013 292 2062 Et
303 2010 396 2072 Crispos
406 2013 460 2058 mibi
472 2013 544 2069 redde,
557 2013 595 2059 sed
605 2014 704 2075 priores:

258 2077 313 2126 Fies
322 2077 424 2138 protinus
435 2076 526 2123 ultimus
535 2078 654 2126 bonorum.

259 2141 305 2189 Vis
315 2157 388 2196 cursu,
399 2142 535 2202 pedibusque
545 2143 656 2204 gloriari?

258 2206 349 2268 Tigrim
359 2207 431 2260 vince,
442 2206 562 2268 levemque
572 2206 725 2258 Passerinum.

260 2271 333 2319 Nulla
343 2279 377 2317 est
386 2269 460 2332 gloria
469 2272 585 2333 praeterire
594 2273 682 2321 asellos.

390 2400 431 2446 37.
446 2400 480 2448 Irs
490 2409 611 2451 assutum.
739 2365 742 2370 1

218 2573 219 2581 ἵ
262 2523 366 2574 Nasutus
375 2527 470 2576 nimium
481 2531 544 2593 cupis
554 2528 633 2580 videri.
796 2585 798 2592 ,

263 2589 377 2640 Nasutum
388 2593 441 2640 volo
449 2611 458 2652 ς
473 2595 528 2650 nolo
538 2596 680 2661 polyporum.
