<?xml version="1.0" encoding="UTF-8"?>
<!DOCTYPE html PUBLIC "-//W3C//DTD XHTML 1.0 Transitional//EN"
    "http://www.w3.org/TR/xhtml1/DTD/xhtml1-transitional.dtd">
<html xmlns="http://www.w3.org/1999/xhtml" xml:lang="en" lang="en">
 <head>
  <title>
</title>
<meta http-equiv="Content-Type" content="text/html;charset=utf-8" />
  <meta name='ocr-system' content='tesseract 3.04.00' />
  <meta name='ocr-capabilities' content='ocr_page ocr_carea ocr_par ocr_line ocrx_word'/>
</head>
<body>
  <div class='ocr_page' id='page_1' title='image "./mvaleriimartial04martgoog_0181.png"; bbox 0 0 1922 2916; ppageno 0'>
   <div class='ocr_carea' id='block_1_1' title="bbox 184 99 610 150">
    <p class='ocr_par' dir='ltr' id='par_1_1' title="bbox 184 99 610 150">
     <span class='ocr_line' id='line_1_1' title="bbox 184 99 610 150; baseline 0.007 -5"><span class='ocrx_word' id='word_1_1' title='bbox 184 101 231 146; x_wconf 79' lang='lat' dir='ltr'><strong>tto</strong></span> <span class='ocrx_word' id='word_1_2' title='bbox 419 99 610 150; x_wconf 80' lang='lat' dir='ltr'><strong>MARTIALIS</strong></span> 
     </span>
    </p>
   </div>
   <div class='ocr_carea' id='block_1_2' title="bbox 183 193 782 356">
    <p class='ocr_par' dir='ltr' id='par_1_2' title="bbox 183 193 782 356">
     <span class='ocr_line' id='line_1_2' title="bbox 183 193 782 295; baseline 0.007 -21"><span class='ocrx_word' id='word_1_3' title='bbox 183 227 222 274; x_wconf 82' lang='lat' dir='ltr'><strong>Ad</strong></span> <span class='ocrx_word' id='word_1_4' title='bbox 232 193 348 278; x_wconf 82' lang='lat' dir='ltr'><strong>dominum</strong></span> <span class='ocrx_word' id='word_1_5' title='bbox 359 230 449 276; x_wconf 70' lang='lat' dir='ltr'><strong>redeam</strong></span> <span class='ocrx_word' id='word_1_6' title='bbox 469 235 545 278; x_wconf 79' lang='lat' dir='ltr'><strong>noster</strong></span> <span class='ocrx_word' id='word_1_7' title='bbox 555 237 579 276; x_wconf 85' lang='lat' dir='ltr'><strong>te</strong></span> <span class='ocrx_word' id='word_1_8' title='bbox 590 245 636 276; x_wconf 88' lang='lat' dir='ltr'><strong>non</strong></span> <span class='ocrx_word' id='word_1_9' title='bbox 647 230 706 295; x_wconf 84' lang='lat' dir='ltr'><strong>capit</strong></span> <span class='ocrx_word' id='word_1_10' title='bbox 716 229 782 294; x_wconf 79' lang='lat' dir='ltr'><strong>ignia,</strong></span> 
     </span>
     <span class='ocr_line' id='line_1_3' title="bbox 217 291 627 356; baseline -0.005 -14"><span class='ocrx_word' id='word_1_11' title='bbox 217 291 369 344; x_wconf 83' lang='lat' dir='ltr'><strong>Conturbator</strong></span> <span class='ocrx_word' id='word_1_12' title='bbox 380 310 447 356; x_wconf 80' lang='lat' dir='ltr'><strong>aper:</strong></span> <span class='ocrx_word' id='word_1_13' title='bbox 466 296 534 344; x_wconf 83' lang='lat' dir='ltr'><strong>vilius</strong></span> <span class='ocrx_word' id='word_1_14' title='bbox 545 295 627 342; x_wconf 78' lang='lat' dir='ltr'><strong>caurio.</strong></span> 
     </span>
    </p>
   </div>
   <div class='ocr_carea' id='block_1_3' title="bbox 377 424 602 474">
    <p class='ocr_par' dir='ltr' id='par_1_3' title="bbox 377 424 602 474">
     <span class='ocr_line' id='line_1_4' title="bbox 377 424 602 474; baseline 0.018 -4"><span class='ocrx_word' id='word_1_15' title='bbox 377 427 419 470; x_wconf 78' lang='lat'><strong>28.</strong></span> <span class='ocrx_word' id='word_1_16' title='bbox 436 424 476 472; x_wconf 78' lang='lat' dir='ltr'><strong>Au</strong></span> <span class='ocrx_word' id='word_1_17' title='bbox 488 424 602 474; x_wconf 60' lang='lat' dir='ltr'><strong>Fuscum</strong></span> 
     </span>
    </p>
   </div>
   <div class='ocr_carea' id='block_1_4' title="bbox 131 546 781 937">
    <p class='ocr_par' dir='ltr' id='par_1_4' title="bbox 131 546 781 678">
     <span class='ocr_line' id='line_1_5' title="bbox 131 546 781 606; baseline 0.006 -10"><span class='ocrx_word' id='word_1_18' title='bbox 131 546 132 550; x_wconf 67' lang='grc'>’</span> <span class='ocrx_word' id='word_1_19' title='bbox 186 549 225 596; x_wconf 86' lang='lat' dir='ltr'><strong>Sic</strong></span> <span class='ocrx_word' id='word_1_20' title='bbox 236 549 362 600; x_wconf 78' lang='lat' dir='ltr'><strong>&#39;liburtinae</strong></span> <span class='ocrx_word' id='word_1_21' title='bbox 373 559 461 600; x_wconf 70' lang='lat' dir='ltr'><strong>crescat</strong></span> <span class='ocrx_word' id='word_1_22' title='bbox 471 553 511 598; x_wconf 88' lang='lat' dir='ltr'><strong>tibi</strong></span> <span class='ocrx_word' id='word_1_23' title='bbox 522 553 578 598; x_wconf 82' lang='lat' dir='ltr'><strong>ailra</strong></span> <span class='ocrx_word' id='word_1_24' title='bbox 590 551 682 606; x_wconf 66' lang='lat' dir='ltr'><strong>Dianae,</strong></span> <span class='ocrx_word' id='word_1_25' title='bbox 779 555 781 558; x_wconf 78' lang='grc'>’</span> 
     </span>
     <span class='ocr_line' id='line_1_6' title="bbox 218 615 738 678; baseline 0 -16"><span class='ocrx_word' id='word_1_26' title='bbox 218 615 252 662; x_wconf 91' lang='lat' dir='ltr'><strong>Et</strong></span> <span class='ocrx_word' id='word_1_27' title='bbox 261 624 365 678; x_wconf 79' lang='lat' dir='ltr'>properet</span> <span class='ocrx_word' id='word_1_28' title='bbox 375 631 459 664; x_wconf 84' lang='lat' dir='ltr'><strong>caesurn</strong></span> <span class='ocrx_word' id='word_1_29' title='bbox 471 631 531 678; x_wconf 82' lang='lat' dir='ltr'><strong>saepe</strong></span> <span class='ocrx_word' id='word_1_30' title='bbox 542 617 614 664; x_wconf 87' lang='lat' dir='ltr'><strong>redire</strong></span> <span class='ocrx_word' id='word_1_31' title='bbox 625 632 720 675; x_wconf 84' lang='lat' dir='ltr'><strong>nemua;</strong></span> <span class='ocrx_word' id='word_1_32' title='bbox 736 668 738 677; x_wconf 32' lang='grc' dir='ltr'>Ι</span> 
     </span>
    </p>

    <p class='ocr_par' dir='ltr' id='par_1_5' title="bbox 186 677 772 802">
     <span class='ocr_line' id='line_1_7' title="bbox 186 677 735 743; baseline 0.002 -17"><span class='ocrx_word' id='word_1_33' title='bbox 186 677 238 726; x_wconf 86' lang='lat' dir='ltr'><strong>Nec</strong></span> <span class='ocrx_word' id='word_1_34' title='bbox 249 679 397 730; x_wconf 82' lang='lat' dir='ltr'><strong>Tartessiacia</strong></span> <span class='ocrx_word' id='word_1_35' title='bbox 409 681 484 728; x_wconf 82' lang='lat' dir='ltr'><strong>Pallas</strong></span> <span class='ocrx_word' id='word_1_36' title='bbox 495 688 540 736; x_wconf 87' lang='lat' dir='ltr'><strong>tua,</strong></span> <span class='ocrx_word' id='word_1_37' title='bbox 553 681 634 734; x_wconf 84' lang='lat' dir='ltr'><strong>Fusce,</strong></span> <span class='ocrx_word' id='word_1_38' title='bbox 644 682 735 743; x_wconf 72' lang='lat' dir='ltr'><strong>trapetis</strong></span> 
     </span>
     <span class='ocr_line' id='line_1_8' title="bbox 219 744 772 802; baseline 0 -9"><span class='ocrx_word' id='word_1_39' title='bbox 219 744 292 793; x_wconf 89' lang='lat' dir='ltr'><strong>Cedat</strong></span> <span class='ocrx_word' id='word_1_40' title='bbox 300 762 308 802; x_wconf 74' lang='lat'>3</span> <span class='ocrx_word' id='word_1_41' title='bbox 325 753 350 794; x_wconf 87' lang='lat' dir='ltr'><strong>et</strong></span> <span class='ocrx_word' id='word_1_42' title='bbox 359 745 471 792; x_wconf 87' lang='lat' dir='ltr'><strong>immodici</strong></span> <span class='ocrx_word' id='word_1_43' title='bbox 479 747 533 792; x_wconf 89' lang='lat' dir='ltr'><strong>dent</strong></span> <span class='ocrx_word' id='word_1_44' title='bbox 542 747 601 794; x_wconf 85' lang='lat' dir='ltr'><strong>bona</strong></span> <span class='ocrx_word' id='word_1_45' title='bbox 611 753 686 793; x_wconf 76' lang='lat' dir='ltr'><strong>musta</strong></span> <span class='ocrx_word' id='word_1_46' title='bbox 695 746 757 793; x_wconf 75' lang='lat' dir='ltr'><strong>lacua</strong></span> <span class='ocrx_word' id='word_1_47' title='bbox 766 763 772 792; x_wconf 72' lang='grc' dir='ltr'><strong>ι</strong></span> 
     </span>
    </p>

    <p class='ocr_par' dir='ltr' id='par_1_6' title="bbox 186 808 737 937">
     <span class='ocr_line' id='line_1_9' title="bbox 186 808 703 864; baseline 0.004 -8"><span class='ocrx_word' id='word_1_48' title='bbox 186 810 226 856; x_wconf 83' lang='lat' dir='ltr'><strong>Sic</strong></span> <span class='ocrx_word' id='word_1_49' title='bbox 236 808 286 856; x_wconf 82' lang='lat' dir='ltr'><strong>sora</strong></span> <span class='ocrx_word' id='word_1_50' title='bbox 295 811 409 864; x_wconf 83' lang='lat' dir='ltr'><strong>mirentur,</strong></span> <span class='ocrx_word' id='word_1_51' title='bbox 422 811 454 857; x_wconf 82' lang='lat' dir='ltr'><strong>sic</strong></span> <span class='ocrx_word' id='word_1_52' title='bbox 464 817 488 856; x_wconf 91' lang='lat' dir='ltr'><strong>te</strong></span> <span class='ocrx_word' id='word_1_53' title='bbox 500 809 595 858; x_wconf 84' lang='lat' dir='ltr'><strong>Pallatia</strong></span> <span class='ocrx_word' id='word_1_54' title='bbox 603 811 703 862; x_wconf 81' lang='lat' dir='ltr'><strong>laudent,</strong></span> 
     </span>
     <span class='ocr_line' id='line_1_10' title="bbox 220 873 737 937; baseline 0.004 -17"><span class='ocrx_word' id='word_1_55' title='bbox 220 873 318 926; x_wconf 79' lang='lat' dir='ltr'><strong>Excolat</strong></span> <span class='ocrx_word' id='word_1_56' title='bbox 329 883 352 922; x_wconf 89' lang='lat' dir='ltr'><strong>et</strong></span> <span class='ocrx_word' id='word_1_57' title='bbox 362 877 464 937; x_wconf 81' lang='lat' dir='ltr'><strong>geminae</strong></span> <span class='ocrx_word' id='word_1_58' title='bbox 475 875 570 936; x_wconf 85' lang='lat' dir='ltr'><strong>plurima</strong></span> <span class='ocrx_word' id='word_1_59' title='bbox 579 877 654 937; x_wconf 84' lang='lat' dir='ltr'><strong>palma</strong></span> <span class='ocrx_word' id='word_1_60' title='bbox 664 875 737 922; x_wconf 78' lang='lat' dir='ltr'><strong>lorea:</strong></span> 
     </span>
    </p>
   </div>
   <div class='ocr_carea' id='block_1_5' title="bbox 8 927 781 1001">
    <p class='ocr_par' dir='ltr' id='par_1_7' title="bbox 8 927 781 1001">
     <span class='ocr_line' id='line_1_11' title="bbox 8 927 781 1001; baseline 0.014 -25"><span class='ocrx_word' id='word_1_61' title='bbox 8 927 9 976; x_wconf 82' lang='lat' dir='ltr'><strong>l</strong></span> <span class='ocrx_word' id='word_1_62' title='bbox 89 963 91 968; x_wconf 94' lang='lat'>·</span> <span class='ocrx_word' id='word_1_63' title='bbox 188 938 242 986; x_wconf 90' lang='lat' dir='ltr'><strong>Otia</strong></span> <span class='ocrx_word' id='word_1_64' title='bbox 253 940 305 985; x_wconf 92' lang='lat' dir='ltr'><strong>dum</strong></span> <span class='ocrx_word' id='word_1_65' title='bbox 316 941 403 988; x_wconf 84' lang='lat' dir='ltr'><strong>medina</strong></span> <span class='ocrx_word' id='word_1_66' title='bbox 413 945 506 1001; x_wconf 81' lang='lat' dir='ltr'><strong>praeatat</strong></span> <span class='ocrx_word' id='word_1_67' title='bbox 516 941 555 986; x_wconf 88' lang='lat' dir='ltr'><strong>tibi</strong></span> <span class='ocrx_word' id='word_1_68' title='bbox 566 956 636 1000; x_wconf 87' lang='lat' dir='ltr'><strong>parva</strong></span> <span class='ocrx_word' id='word_1_69' title='bbox 646 940 781 996; x_wconf 74' lang='lat' dir='ltr'><strong>December,</strong></span> 
     </span>
    </p>
   </div>
   <div class='ocr_carea' id='block_1_6' title="bbox 138 1003 768 1195">
    <p class='ocr_par' dir='ltr' id='par_1_8' title="bbox 138 1003 768 1195">
     <span class='ocr_line' id='line_1_12' title="bbox 138 1003 720 1066; baseline 0.002 -16"><span class='ocrx_word' id='word_1_70' title='bbox 138 1051 142 1061; x_wconf 65' lang='grc'>,</span> <span class='ocrx_word' id='word_1_71' title='bbox 220 1003 303 1064; x_wconf 77' lang='lat' dir='ltr'><strong>Exige,</strong></span> <span class='ocrx_word' id='word_1_72' title='bbox 315 1005 354 1050; x_wconf 85' lang='lat' dir='ltr'><strong>aed</strong></span> <span class='ocrx_word' id='word_1_73' title='bbox 365 1003 433 1060; x_wconf 76' lang='lat' dir='ltr'><strong>cerni,</strong></span> <span class='ocrx_word' id='word_1_74' title='bbox 444 1020 501 1066; x_wconf 80' lang='lat' dir='ltr'><strong>quoa</strong></span> <span class='ocrx_word' id='word_1_75' title='bbox 512 1005 576 1066; x_wconf 82' lang='lat' dir='ltr'><strong>legis,</strong></span> <span class='ocrx_word' id='word_1_76' title='bbox 588 1020 642 1052; x_wconf 84' lang='lat' dir='ltr'><strong>aure</strong></span> <span class='ocrx_word' id='word_1_77' title='bbox 647 1006 720 1066; x_wconf 72' lang='lat' dir='ltr'><strong>jocor.</strong></span> 
     </span>
     <span class='ocr_line' id='line_1_13' title="bbox 188 1068 768 1116; baseline -0.003 0"><span class='ocrx_word' id='word_1_78' title='bbox 188 1068 252 1116; x_wconf 83' lang='lat' dir='ltr'><strong>Scire</strong></span> <span class='ocrx_word' id='word_1_79' title='bbox 262 1069 316 1114; x_wconf 88' lang='lat' dir='ltr'><strong>libet</strong></span> <span class='ocrx_word' id='word_1_80' title='bbox 326 1085 418 1116; x_wconf 86' lang='lat' dir='ltr'><strong>verum:</strong></span> <span class='ocrx_word' id='word_1_81' title='bbox 439 1085 474 1116; x_wconf 91' lang='lat' dir='ltr'><strong>res</strong></span> <span class='ocrx_word' id='word_1_82' title='bbox 485 1076 520 1114; x_wconf 83' lang='lat' dir='ltr'><strong>est</strong></span> <span class='ocrx_word' id='word_1_83' title='bbox 531 1071 579 1115; x_wconf 87' lang='lat' dir='ltr'><strong>haec</strong></span> <span class='ocrx_word' id='word_1_84' title='bbox 591 1071 673 1115; x_wconf 83' lang='lat' dir='ltr'><strong>ardua:</strong></span> <span class='ocrx_word' id='word_1_85' title='bbox 693 1069 732 1115; x_wconf 87' lang='lat' dir='ltr'><strong>sed</strong></span> <span class='ocrx_word' id='word_1_86' title='bbox 743 1077 768 1116; x_wconf 89' lang='lat' dir='ltr'><strong>tn</strong></span> 
     </span>
     <span class='ocr_line' id='line_1_14' title="bbox 221 1131 715 1195; baseline 0 -16"><span class='ocrx_word' id='word_1_87' title='bbox 221 1131 290 1186; x_wconf 82' lang='lat' dir='ltr'><strong>Quod</strong></span> <span class='ocrx_word' id='word_1_88' title='bbox 300 1135 340 1182; x_wconf 88' lang='lat' dir='ltr'><strong>tibi</strong></span> <span class='ocrx_word' id='word_1_89' title='bbox 350 1135 385 1182; x_wconf 80' lang='lat' dir='ltr'><strong>via</strong></span> <span class='ocrx_word' id='word_1_90' title='bbox 396 1135 446 1189; x_wconf 85' lang='lat' dir='ltr'><strong>diui,</strong></span> <span class='ocrx_word' id='word_1_91' title='bbox 457 1134 539 1190; x_wconf 82' lang='lat' dir='ltr'><strong>dicere,</strong></span> <span class='ocrx_word' id='word_1_92' title='bbox 551 1133 631 1190; x_wconf 71' lang='lat' dir='ltr'><strong>Fuace</strong></span> <span class='ocrx_word' id='word_1_93' title='bbox 642 1141 715 1195; x_wconf 84' lang='lat' dir='ltr'><strong>poteo.</strong></span> 
     </span>
    </p>
   </div>
   <div class='ocr_carea' id='block_1_7' title="bbox 379 1231 773 1311">
    <p class='ocr_par' dir='ltr' id='par_1_9' title="bbox 379 1231 773 1311">
     <span class='ocr_line' id='line_1_15' title="bbox 379 1231 773 1311; baseline 0.003 -2"><span class='ocrx_word' id='word_1_94' title='bbox 379 1267 418 1311; x_wconf 73' lang='lat'><strong>29.</strong></span> <span class='ocrx_word' id='word_1_95' title='bbox 435 1264 475 1310; x_wconf 88' lang='lat' dir='ltr'><strong>Ad</strong></span> <span class='ocrx_word' id='word_1_96' title='bbox 489 1265 601 1310; x_wconf 69' lang='lat' dir='ltr'><strong>Testitum</strong></span> <span class='ocrx_word' id='word_1_97' title='bbox 613 1265 727 1310; x_wconf 75' lang='lat' dir='ltr'><strong>Puerum.</strong></span> <span class='ocrx_word' id='word_1_98' title='bbox 768 1231 773 1244; x_wconf 39' lang='lat' dir='ltr'><strong>i</strong></span> 
     </span>
    </p>
   </div>
   <div class='ocr_carea' id='block_1_8' title="bbox 187 1389 822 1895">
    <p class='ocr_par' dir='ltr' id='par_1_10' title="bbox 187 1389 822 1895">
     <span class='ocr_line' id='line_1_16' title="bbox 187 1389 822 1448; baseline 0 -10"><span class='ocrx_word' id='word_1_99' title='bbox 187 1389 281 1448; x_wconf 83' lang='lat' dir='ltr'><strong>Teatila,</strong></span> <span class='ocrx_word' id='word_1_100' title='bbox 293 1390 394 1438; x_wconf 79' lang='lat' dir='ltr'><strong>Victoria</strong></span> <span class='ocrx_word' id='word_1_101' title='bbox 404 1399 542 1438; x_wconf 88' lang='lat' dir='ltr'><strong>tormentum</strong></span> <span class='ocrx_word' id='word_1_102' title='bbox 553 1392 617 1438; x_wconf 84' lang='lat' dir='ltr'>dulce</span> <span class='ocrx_word' id='word_1_103' title='bbox 628 1391 725 1447; x_wconf 71' lang='lat' dir='ltr'><strong>Voconi</strong></span> <span class='ocrx_word' id='word_1_104' title='bbox 818 1411 822 1420; x_wconf 74' lang='lat'>=</span> 
     </span>
     <span class='ocr_line' id='line_1_17' title="bbox 222 1456 688 1518; baseline -0.006 -13"><span class='ocrx_word' id='word_1_105' title='bbox 222 1456 276 1510; x_wconf 80' lang='lat' dir='ltr'><strong>Quo</strong></span> <span class='ocrx_word' id='word_1_106' title='bbox 287 1472 355 1504; x_wconf 86' lang='lat' dir='ltr'><strong>nemo</strong></span> <span class='ocrx_word' id='word_1_107' title='bbox 366 1463 400 1504; x_wconf 83' lang='lat' dir='ltr'><strong>eat</strong></span> <span class='ocrx_word' id='word_1_108' title='bbox 410 1463 458 1503; x_wconf 89' lang='lat' dir='ltr'><strong>toto</strong></span> <span class='ocrx_word' id='word_1_109' title='bbox 469 1458 545 1503; x_wconf 89' lang='lat' dir='ltr'><strong>notior</strong></span> <span class='ocrx_word' id='word_1_110' title='bbox 554 1458 607 1503; x_wconf 87' lang='lat' dir='ltr'><strong>orbe</strong></span> <span class='ocrx_word' id='word_1_111' title='bbox 618 1471 688 1518; x_wconf 82' lang='lat' dir='ltr'><strong>puer3</strong></span> 
     </span>
     <span class='ocr_line' id='line_1_18' title="bbox 188 1521 704 1584; baseline 0 -16"><span class='ocrx_word' id='word_1_112' title='bbox 188 1521 228 1569; x_wconf 82' lang='lat' dir='ltr'><strong>Sic</strong></span> <span class='ocrx_word' id='word_1_113' title='bbox 239 1521 306 1568; x_wconf 87' lang='lat' dir='ltr'><strong>etium</strong></span> <span class='ocrx_word' id='word_1_114' title='bbox 317 1522 395 1584; x_wconf 81' lang='lat' dir='ltr'><strong>positis</strong></span> <span class='ocrx_word' id='word_1_115' title='bbox 405 1521 517 1568; x_wconf 78' lang='lat' dir='ltr'><strong>somnusue</strong></span> <span class='ocrx_word' id='word_1_116' title='bbox 527 1537 602 1568; x_wconf 86' lang='lat' dir='ltr'><strong>amere</strong></span> <span class='ocrx_word' id='word_1_117' title='bbox 613 1522 704 1584; x_wconf 83' lang='lat' dir='ltr'><strong>capillis,</strong></span> 
     </span>
     <span class='ocr_line' id='line_1_19' title="bbox 222 1585 629 1648; baseline -0.002 -15"><span class='ocrx_word' id='word_1_118' title='bbox 222 1585 255 1633; x_wconf 92' lang='lat' dir='ltr'><strong>Et</strong></span> <span class='ocrx_word' id='word_1_119' title='bbox 265 1588 352 1648; x_wconf 82' lang='lat' dir='ltr'><strong>placeat</strong></span> <span class='ocrx_word' id='word_1_120' title='bbox 362 1587 408 1632; x_wconf 85' lang='lat' dir='ltr'><strong>vati</strong></span> <span class='ocrx_word' id='word_1_121' title='bbox 420 1586 481 1632; x_wconf 85' lang='lat' dir='ltr'><strong>nulla</strong></span> <span class='ocrx_word' id='word_1_122' title='bbox 490 1587 565 1648; x_wconf 87' lang='lat' dir='ltr'><strong>puella</strong></span> <span class='ocrx_word' id='word_1_123' title='bbox 575 1594 629 1632; x_wconf 87' lang='lat' dir='ltr'><strong>tuo:</strong></span> 
     </span>
     <span class='ocr_line' id='line_1_20' title="bbox 190 1649 687 1714; baseline -0.004 -16"><span class='ocrx_word' id='word_1_124' title='bbox 190 1649 308 1714; x_wconf 80' lang='lat' dir='ltr'><strong>Paulisper</strong></span> <span class='ocrx_word' id='word_1_125' title='bbox 318 1651 401 1698; x_wconf 90' lang='lat' dir='ltr'><strong>domini</strong></span> <span class='ocrx_word' id='word_1_126' title='bbox 413 1651 491 1697; x_wconf 79' lang='lat' dir='ltr'><strong>doctos</strong></span> <span class='ocrx_word' id='word_1_127' title='bbox 502 1667 585 1712; x_wconf 79' lang='lat' dir='ltr'><strong>sepone</strong></span> <span class='ocrx_word' id='word_1_128' title='bbox 595 1650 687 1704; x_wconf 73' lang='lat' dir='ltr'><strong>libellos,</strong></span> 
     </span>
     <span class='ocr_line' id='line_1_21' title="bbox 223 1713 695 1778; baseline -0.006 -14"><span class='ocrx_word' id='word_1_129' title='bbox 223 1713 330 1764; x_wconf 78' lang='lat' dir='ltr'><strong>Carmina</strong></span> <span class='ocrx_word' id='word_1_130' title='bbox 341 1715 429 1764; x_wconf 82' lang='lat' dir='ltr'><strong>Victori</strong></span> <span class='ocrx_word' id='word_1_131' title='bbox 440 1716 493 1762; x_wconf 90' lang='lat' dir='ltr'><strong>dum</strong></span> <span class='ocrx_word' id='word_1_132' title='bbox 504 1717 557 1778; x_wconf 83' lang='lat' dir='ltr'><strong>lego</strong></span> <span class='ocrx_word' id='word_1_133' title='bbox 567 1731 638 1777; x_wconf 84' lang='lat' dir='ltr'><strong>pauca</strong></span> <span class='ocrx_word' id='word_1_134' title='bbox 648 1722 695 1761; x_wconf 89' lang='lat' dir='ltr'><strong>tuo.</strong></span> 
     </span>
     <span class='ocr_line' id='line_1_22' title="bbox 189 1777 729 1834; baseline -0.002 -7"><span class='ocrx_word' id='word_1_135' title='bbox 189 1777 223 1827; x_wconf 81' lang='lat' dir='ltr'><strong>Et</strong></span> <span class='ocrx_word' id='word_1_136' title='bbox 235 1780 365 1834; x_wconf 85' lang='lat' dir='ltr'><strong>Maecenati,</strong></span> <span class='ocrx_word' id='word_1_137' title='bbox 378 1779 445 1827; x_wconf 86' lang='lat' dir='ltr'><strong>Maro</strong></span> <span class='ocrx_word' id='word_1_138' title='bbox 457 1796 508 1826; x_wconf 91' lang='lat' dir='ltr'><strong>cum</strong></span> <span class='ocrx_word' id='word_1_139' title='bbox 520 1787 620 1827; x_wconf 77' lang='lat' dir='ltr'><strong>cantaret</strong></span> <span class='ocrx_word' id='word_1_140' title='bbox 631 1779 729 1834; x_wconf 84' lang='lat' dir='ltr'><strong>Alexim,</strong></span> 
     </span>
     <span class='ocr_line' id='line_1_23' title="bbox 222 1843 711 1895; baseline 0.002 -5"><span class='ocrx_word' id='word_1_141' title='bbox 222 1843 286 1891; x_wconf 90' lang='lat' dir='ltr'><strong>Nota</strong></span> <span class='ocrx_word' id='word_1_142' title='bbox 296 1852 371 1892; x_wconf 85' lang='lat' dir='ltr'><strong>tamen</strong></span> <span class='ocrx_word' id='word_1_143' title='bbox 383 1847 455 1893; x_wconf 81' lang='lat' dir='ltr'><strong>Marsi</strong></span> <span class='ocrx_word' id='word_1_144' title='bbox 465 1845 529 1892; x_wconf 78' lang='lat' dir='ltr'><strong>fusca</strong></span> <span class='ocrx_word' id='word_1_145' title='bbox 539 1845 646 1895; x_wconf 83' lang='lat' dir='ltr'><strong>Melaenia</strong></span> <span class='ocrx_word' id='word_1_146' title='bbox 657 1852 711 1892; x_wconf 86' lang='lat' dir='ltr'><strong>erat.</strong></span> 
     </span>
    </p>
   </div>
   <div class='ocr_carea' id='block_1_9' title="bbox 379 1974 584 2022">
    <p class='ocr_par' dir='ltr' id='par_1_11' title="bbox 379 1974 584 2022">
     <span class='ocr_line' id='line_1_24' title="bbox 379 1974 584 2022; baseline -0.005 -2"><span class='ocrx_word' id='word_1_147' title='bbox 379 1977 420 2020; x_wconf 73' lang='lat'><strong>50.</strong></span> <span class='ocrx_word' id='word_1_148' title='bbox 438 1976 468 2021; x_wconf 85' lang='lat' dir='ltr'><strong>In</strong></span> <span class='ocrx_word' id='word_1_149' title='bbox 481 1974 584 2022; x_wconf 72' lang='lat' dir='ltr'><strong>Caliam.</strong></span> 
     </span>
    </p>
   </div>
   <div class='ocr_carea' id='block_1_10' title="bbox 122 2099 855 2160">
    <p class='ocr_par' dir='ltr' id='par_1_12' title="bbox 122 2099 855 2160">
     <span class='ocr_line' id='line_1_25' title="bbox 122 2099 855 2160; baseline -0.001 -10"><span class='ocrx_word' id='word_1_150' title='bbox 122 2151 125 2160; x_wconf 68' lang='grc'><em>,</em></span> <span class='ocrx_word' id='word_1_151' title='bbox 190 2101 241 2152; x_wconf 75' lang='lat' dir='ltr'><strong>Dar</strong></span> <span class='ocrx_word' id='word_1_152' title='bbox 253 2099 333 2157; x_wconf 74' lang='lat' dir='ltr'><strong>canis,</strong></span> <span class='ocrx_word' id='word_1_153' title='bbox 346 2101 385 2150; x_wconf 85' lang='lat' dir='ltr'><strong>dua</strong></span> <span class='ocrx_word' id='word_1_154' title='bbox 394 2103 521 2156; x_wconf 83' lang='lat' dir='ltr'><strong>Gennanis,</strong></span> <span class='ocrx_word' id='word_1_155' title='bbox 533 2102 578 2156; x_wconf 79' lang='lat' dir='ltr'><strong>das,</strong></span> <span class='ocrx_word' id='word_1_156' title='bbox 592 2099 669 2156; x_wconf 82' lang='lat' dir='ltr'><strong>Caelia,</strong></span> <span class='ocrx_word' id='word_1_157' title='bbox 681 2101 754 2148; x_wconf 81' lang='lat' dir='ltr'><strong>Dacia</strong></span> <span class='ocrx_word' id='word_1_158' title='bbox 761 2117 769 2158; x_wconf 88' lang='lat'>;</span> <span class='ocrx_word' id='word_1_159' title='bbox 853 2105 855 2112; x_wconf 92' lang='lat'>&#39;</span> 
     </span>
    </p>
   </div>
   <div class='ocr_carea' id='block_1_11' title="bbox 190 2165 816 2422">
    <p class='ocr_par' dir='ltr' id='par_1_13' title="bbox 190 2165 791 2292">
     <span class='ocr_line' id='line_1_26' title="bbox 222 2165 791 2228; baseline -0.005 -13"><span class='ocrx_word' id='word_1_160' title='bbox 222 2166 273 2215; x_wconf 88' lang='lat' dir='ltr'><strong>Nec</strong></span> <span class='ocrx_word' id='word_1_161' title='bbox 286 2166 384 2216; x_wconf 89' lang='lat' dir='ltr'><strong>Cilicum</strong></span> <span class='ocrx_word' id='word_1_162' title='bbox 395 2169 487 2228; x_wconf 76' lang='lat' dir='ltr'><strong>spernis,</strong></span> <span class='ocrx_word' id='word_1_163' title='bbox 501 2165 703 2228; x_wconf 72' lang='lat' dir='ltr'><strong>Cappadocumque</strong></span> <span class='ocrx_word' id='word_1_164' title='bbox 715 2173 791 2223; x_wconf 64' lang='lat' dir='ltr'><strong>torum</strong></span> 
     </span>
     <span class='ocr_line' id='line_1_27' title="bbox 190 2229 748 2292; baseline -0.007 -12"><span class='ocrx_word' id='word_1_165' title='bbox 190 2231 224 2280; x_wconf 85' lang='lat' dir='ltr'><strong>Et</strong></span> <span class='ocrx_word' id='word_1_166' title='bbox 234 2233 274 2278; x_wconf 91' lang='lat' dir='ltr'><strong>tibi</strong></span> <span class='ocrx_word' id='word_1_167' title='bbox 285 2233 313 2280; x_wconf 87' lang='lat' dir='ltr'><strong>de</strong></span> <span class='ocrx_word' id='word_1_168' title='bbox 324 2229 406 2280; x_wconf 73' lang='lat' dir='ltr'><strong>Pharii</strong></span> <span class='ocrx_word' id='word_1_169' title='bbox 417 2231 579 2292; x_wconf 76' lang='lat' dir='ltr'><strong>Memphiticus</strong></span> <span class='ocrx_word' id='word_1_170' title='bbox 590 2231 644 2278; x_wconf 90' lang='lat' dir='ltr'><strong>urbe</strong></span> <span class='ocrx_word' id='word_1_171' title='bbox 655 2230 748 2284; x_wconf 84' lang='lat' dir='ltr'><strong>lirtutor,</strong></span> 
     </span>
    </p>

    <p class='ocr_par' dir='ltr' id='par_1_14' title="bbox 190 2294 816 2422">
     <span class='ocr_line' id='line_1_28' title="bbox 224 2294 816 2358; baseline -0.003 -16"><span class='ocrx_word' id='word_1_172' title='bbox 224 2295 325 2358; x_wconf 83' lang='lat' dir='ltr'><strong>Navigat</strong></span> <span class='ocrx_word' id='word_1_173' title='bbox 336 2311 349 2342; x_wconf 90' lang='lat' dir='ltr'><strong>a</strong></span> <span class='ocrx_word' id='word_1_174' title='bbox 360 2297 431 2343; x_wconf 84' lang='lat' dir='ltr'><strong>rubria</strong></span> <span class='ocrx_word' id='word_1_175' title='bbox 443 2304 466 2342; x_wconf 92' lang='lat' dir='ltr'><strong>et</strong></span> <span class='ocrx_word' id='word_1_176' title='bbox 477 2297 541 2357; x_wconf 78' lang='lat' dir='ltr'><strong>niger</strong></span> <span class='ocrx_word' id='word_1_177' title='bbox 553 2294 624 2342; x_wconf 87' lang='lat' dir='ltr'><strong>Indua</strong></span> <span class='ocrx_word' id='word_1_178' title='bbox 635 2296 713 2356; x_wconf 70' lang='lat' dir='ltr'><strong>aquina</strong></span> <span class='ocrx_word' id='word_1_179' title='bbox 814 2317 816 2328; x_wconf 83' lang='lat'><em>=</em></span> 
     </span>
     <span class='ocr_line' id='line_1_29' title="bbox 190 2357 723 2422; baseline 0 -16"><span class='ocrx_word' id='word_1_180' title='bbox 190 2357 242 2406; x_wconf 86' lang='lat' dir='ltr'><strong>Nec</strong></span> <span class='ocrx_word' id='word_1_181' title='bbox 253 2361 398 2408; x_wconf 81' lang='lat' dir='ltr'><strong>recutitorum</strong></span> <span class='ocrx_word' id='word_1_182' title='bbox 408 2359 470 2422; x_wconf 76' lang='lat' dir='ltr'><strong>fugis</strong></span> <span class='ocrx_word' id='word_1_183' title='bbox 480 2361 574 2422; x_wconf 84' lang='lat' dir='ltr'><strong>inguina</strong></span> <span class='ocrx_word' id='word_1_184' title='bbox 583 2359 599 2408; x_wconf 91' lang='lat' dir='ltr'>J</span> <span class='ocrx_word' id='word_1_185' title='bbox 601 2360 723 2414; x_wconf 79' lang='lat' dir='ltr'><strong>udaeonrrn,</strong></span> 
     </span>
    </p>
   </div>
   <div class='ocr_carea' id='block_1_12' title="bbox 121 2422 711 2484">
    <p class='ocr_par' dir='ltr' id='par_1_15' title="bbox 121 2422 711 2484">
     <span class='ocr_line' id='line_1_30' title="bbox 121 2422 711 2484; baseline 0.002 -15"><span class='ocrx_word' id='word_1_186' title='bbox 121 2477 126 2482; x_wconf 34' lang='lat'>¹</span> <span class='ocrx_word' id='word_1_187' title='bbox 224 2422 275 2470; x_wconf 90' lang='lat' dir='ltr'><strong>Nec</strong></span> <span class='ocrx_word' id='word_1_188' title='bbox 286 2431 309 2470; x_wconf 88' lang='lat' dir='ltr'><strong>te</strong></span> <span class='ocrx_word' id='word_1_189' title='bbox 322 2425 445 2472; x_wconf 82' lang='lat' dir='ltr'><strong>Sarmatico</strong></span> <span class='ocrx_word' id='word_1_190' title='bbox 456 2426 536 2472; x_wconf 79' lang='lat' dir='ltr'><strong>transit</strong></span> <span class='ocrx_word' id='word_1_191' title='bbox 547 2423 635 2470; x_wconf 78' lang='lat' dir='ltr'><strong>Alanus</strong></span> <span class='ocrx_word' id='word_1_192' title='bbox 646 2439 711 2484; x_wconf 84' lang='lat' dir='ltr'><strong>equo.</strong></span> 
     </span>
    </p>
   </div>
   <div class='ocr_carea' id='block_1_13' title="bbox 191 2483 744 2620">
    <p class='ocr_par' dir='ltr' id='par_1_16' title="bbox 191 2483 744 2620">
     <span class='ocr_line' id='line_1_31' title="bbox 191 2483 728 2550; baseline 0.02 -19"><span class='ocrx_word' id='word_1_193' title='bbox 191 2483 246 2542; x_wconf 74' lang='lat' dir='ltr'><strong>Qut</strong></span> <span class='ocrx_word' id='word_1_194' title='bbox 256 2488 343 2546; x_wconf 81' lang='lat' dir='ltr'><strong>ratione</strong></span> <span class='ocrx_word' id='word_1_195' title='bbox 352 2488 414 2542; x_wconf 75' lang='lat' dir='ltr'><strong>facis,</strong></span> <span class='ocrx_word' id='word_1_196' title='bbox 426 2505 478 2536; x_wconf 91' lang='lat' dir='ltr'><strong>cum</strong></span> <span class='ocrx_word' id='word_1_197' title='bbox 489 2491 520 2537; x_wconf 79' lang='lat' dir='ltr'><strong>ais</strong></span> <span class='ocrx_word' id='word_1_198' title='bbox 531 2489 637 2536; x_wconf 82' lang='lat' dir='ltr'><strong>Romam</strong></span> <span class='ocrx_word' id='word_1_199' title='bbox 646 2488 728 2550; x_wconf 75' lang='lat' dir='ltr'><strong>puella,</strong></span> 
     </span>
     <span class='ocr_line' id='line_1_32' title="bbox 224 2550 744 2620; baseline 0.012 -23"><span class='ocrx_word' id='word_1_200' title='bbox 224 2550 293 2604; x_wconf 83' lang='lat' dir='ltr'><strong>Quod</strong></span> <span class='ocrx_word' id='word_1_201' title='bbox 303 2551 410 2620; x_wconf 78' lang='lat' dir='ltr'><strong>Romana</strong></span> <span class='ocrx_word' id='word_1_202' title='bbox 420 2553 459 2602; x_wconf 87' lang='lat' dir='ltr'><strong>tibi</strong></span> <span class='ocrx_word' id='word_1_203' title='bbox 469 2553 570 2602; x_wconf 82' lang='lat' dir='ltr'><strong>mentula</strong></span> <span class='ocrx_word' id='word_1_204' title='bbox 579 2553 642 2600; x_wconf 87' lang='lat' dir='ltr'><strong>nulla</strong></span> <span class='ocrx_word' id='word_1_205' title='bbox 651 2551 744 2616; x_wconf 79' lang='lat' dir='ltr'><strong>placet?</strong></span> 
     </span>
    </p>
   </div>
   <div class='ocr_carea' id='block_1_14' title="bbox 0 0 974 2916">
    <p class='ocr_par' dir='ltr' id='par_1_17' title="bbox 0 0 974 2916">
     <span class='ocr_line' id='line_1_33' title="bbox 0 0 974 2916; baseline 0 0"><span class='ocrx_word' id='word_1_206' title='bbox 0 0 974 2916; x_wconf 95' lang='lat' dir='ltr'><strong> </strong></span> 
     </span>
    </p>
   </div>
  </div>
 </body>
</html>
