1922 2916
175 111 222 156 rto
400 95 594 162 MARTIALIS

174 234 339 297 Maternosque
349 237 411 286 sinus
422 238 471 286 viso
482 239 585 300 genitore
597 239 713 301 relinquet,

207 300 241 348 Et
250 303 332 363 patrias
342 302 419 363 leudes
430 305 512 350 sentiat
523 319 573 350 esse
584 304 655 354 suas?

175 365 228 414 Jsm
240 367 332 420 clamor,
344 375 478 428 centumque
489 369 537 422 viri,
550 369 688 429 densumque
698 383 790 417 coronae
832 403 834 411 ,

209 429 307 492 Vulgus,
319 438 342 477 et
353 430 432 478 infanti
443 432 505 482 Julis
515 440 574 480 tecta
582 433 678 494 placent.
821 471 825 478 .

126 545 131 564 Ι
176 494 244 542 Acris
255 497 305 556 equi
316 496 403 542 soboles
414 498 539 558 maguncie
550 497 642 558 pulvere
652 497 750 560 gaudet;

210 555 248 606 Sic
258 559 342 606 vitulus
354 561 415 606 molli
427 562 506 622 proelis
515 561 589 612 fronte
600 563 668 624 cupit.
721 591 723 596 ·

176 623 217 679 Di,
230 631 323 679 servate,
334 639 419 686 precor,
430 627 496 674 matri
508 642 548 673 sun
558 634 617 682 vota,
629 627 744 688 patriqne3
769 641 773 672 ῑ

205 688 292 742 ‚Audiat
303 696 328 736 ut
339 697 420 738 ustum·
427 690 539 754 Regulus,
549 691 588 738 iiis
598 691 662 739 duos.

366 820 406 864 39.
422 819 453 864 In
467 819 580 866 Cinnam.
606 851 608 858 ·

209 947 278 994 Pater
289 959 318 992 ex
329 941 435 996 Marulli,
448 941 529 996 Cinna,
540 942 613 990 iactus
624 955 648 988 es
659 949 752 1006 septem,

209 1011 265 1068 Non
272 1011 411 1064 'liberorum
429 1022 524 1068 namque
535 1021 577 1054 uec
588 1014 640 1054 tuus
651 1011 774 1070 quisquam,

210 1076 262 1123 Nec
273 1081 308 1120 est
319 1073 391 1126 amici,
401 1071 489 1118 iiliusve
501 1073 581 1118 vicini:

208 1141 254 1188 Sed
264 1141 288 1186 in
298 1137 397 1200 grabatis
407 1137 562 1198 tegetibusque
573 1138 674 1199 concepti

208 1205 316 1252 Materna
326 1201 424 1264 produnt
434 1201 541 1262 capitibus
552 1202 598 1248 suis
608 1201 675 1250 furta

209 1268 265 1323 Hic,
276 1268 314 1328 qui
325 1273 409 1312 retorto
421 1267 482 1312 crine
494 1265 590 1315 Maurus
601 1266 691 1321 incedit,

210 1333 315 1382 Soboiem
326 1330 409 1378 fatetur
420 1345 470 1377 esse
481 1345 505 1376 se
516 1332 581 1390 coqui
593 1330 689 1378 Snutrae.

210 1398 245 1445 At
255 1397 292 1444 ille
304 1393 360 1442 simei
368 1409 430 1448 nare,
442 1395 538 1456 turgidis
548 1395 622 1449 iabris,

154 1515 156 1520 Ι
207 1461 264 1524 dpse
274 1467 310 1508 est
320 1461 395 1522 imago
408 1459 501 1506 Pannici
512 1459 648 1520 palaestritae.

210 1525 306 1574 Pistoris
317 1540 367 1572 esse
378 1525 468 1570 tertium
479 1525 528 1584 quis
539 1525 636 1586 ignoret,

211 1591 356 1649 Quicumque
366 1589 381 1634 ii
412 1604 450 1635 um
461 1589 526 1636 novit
536 1597 559 1635 et
570 1589 631 1636 videt
642 1587 761 1637 Damam?
790 1599 791 1604 ’

212 1656 313 1711 Quartus
325 1653 410 1700 cinaeda
419 1652 501 1706 fronte,
513 1653 607 1700 candido
618 1653 689 1708 vultu,

210 1719 250 1770 Ex
260 1718 387 1768 concubino
396 1724 461 1768 natus
472 1723 507 1764 est
516 1718 557 1764 tibi
568 1716 652 1780 Lygdo
660 1735 674 1764 z·

208 1785 310 1838 Percide,
322 1783 341 1829 si
352 1783 393 1837 vis,
406 1781 474 1828 tilium
480 1799 488 1838 3
507 1781 569 1830 nefas
580 1797 628 1830 non
637 1788 679 1830 est.

208 1849 280 1896 Hunc
290 1863 345 1894 vero
356 1854 422 1892 acuto
433 1847 511 1908 capite,
523 1853 546 1892 et
556 1847 645 1894 nuribus
655 1847 737 1908 longis,

212 1914 272 1968 Qnae
283 1912 315 1958 sic
326 1918 452 1964 morentur,
463 1918 489 1957 ut
499 1911 573 1958 solent
581 1911 709 1967 uncilenum,
740 1926 742 1932 ’

209 1978 269 2034 Quis
280 1975 387 2022 morionis
397 1973 467 2020 filium
480 1982 548 2037 neget
560 1973 674 2036 Cyrrhae?

207 2043 271 2090 Duae
278 2054 373 2094 sorores,
384 2037 423 2085 ille
433 2039 505 2101 nigro,
516 2047 540 2088 et
550 2039 599 2088 bree
610 2039 665 2094 rudo,

210 2105 275 2156 Croti
286 2103 404 2158 choraulae,
416 2104 530 2164 villicique
540 2112 594 2152 suut
605 2103 682 2166 Carpi.

207 2173 304 2231 Jamque
314 2168 456 2229 hybridarum
466 2183 524 2230 grex
535 2169 574 2214 tibi
585 2168 644 2222 soret
654 2169 741 2231 pimus,

210 2238 234 2283 Si
246 2235 313 2298 spado
326 2231 432 2288 Coresus,
444 2233 620 2294 Dindymusque
630 2245 676 2286 nnn
688 2241 754 2284 esset.

364 2362 404 2406 40.
421 2357 461 2406 Ad
472 2359 590 2420 Lycorim.

153 2449 159 2462 ·
174 2480 269 2529 Femina
278 2481 378 2539 praetem·
388 2483 462 2544 potnit
471 2483 511 2529 tibi
522 2483 589 2538 nulls,
601 2461 698 2544 Lyoori:

206 2543 311 2592 herere
323 2546 684 2610 Glyceraeieminnnullsqntest.
819 2595 823 2602 .
