1916 2918
232 109 527 161 EPIGRAMMATUM
543 109 596 160 Lm
608 109 655 159 XI.
729 115 778 160 285

146 243 190 290 Sed
200 243 302 304 prohibet
312 243 403 297 scabies,
414 241 574 303 ingeniumque
584 247 658 288 vetus.

112 305 201 362 Infelix,
213 309 266 368 quid
276 307 349 371 eges?
365 321 450 368 aegrsm
461 305 574 352 simulabis
585 305 697 354 unicum?

146 371 249 420 Haerebit
259 374 355 419 domines
367 373 400 419 vir
411 386 487 417 comes
498 372 545 432 ipse
557 385 619 417 suae:

114 435 159 483 Ibit
169 445 192 483 et
201 437 230 496 nd
239 438 330 484 fratrem
341 445 423 492 tecum,
435 443 581 496 matremque,
591 443 729 498 putremque.
773 437 777 442 '

147 501 210 556 Qum
220 503 289 564 igitur
300 502 388 548 frendes
399 501 516 562 ingenioso
525 501 609 561 poros?

114 564 184 612 Dicet
194 576 218 614 et
227 568 362 628 hystoricum
373 581 399 612 se
409 565 503 611 forsitan
514 565 584 611 alters
593 567 682 614 moechs
698 603 700 611 ,

146 629 174 676 In
187 631 324 678 Sinuessano
334 630 393 676 velle
404 629 482 676 sedere
491 629 549 674 lacn.

115 693 210 750 eranto
219 703 244 742 tu
255 694 348 742 melius!
365 694 455 754 quoties
465 692 539 754 plooet
549 694 582 740 ire
591 693 696 752 fututum,
774 697 779 708 '

148 759 207 814 Quae
217 775 297 808 verum
307 759 380 806 muris
390 760 469 814 dicere,
482 757 559 814 Paulo,
571 759 628 806 viro.

308 894 331 937 8.
346 891 386 938 De
396 891 477 938 Boulis
487 891 524 937 sui
534 890 616 936 Pueri·

84 1007 88 1015 ⁸
116 1017 191 1130 baffio
201 1019 261 1080 quod
271 1019 370 1066 externis
381 1020 466 1081 spirent
476 1020 618 1081 opobalsamo
628 1019 720 1076 truncis,
778 1051 782 1060 ι

182 1084 236 1136 timo
245 1084 306 1144 quod
316 1099 385 1134 curvo
396 1099 447 1145 quae
458 1085 517 1132 esdit
527 1099 581 1132 suro
591 1099 665 1142 moen,

116 1147 188 1195 Poma
198 1149 258 1209 quod
269 1147 359 1196 hiberni
369 1150 541 1196 maturescentis
552 1145 624 1210 sepsi,

147 1213 235 1260 Arbore
245 1214 305 1274 quod
316 1213 385 1260 verni
395 1215 523 1260 luxuriosus
534 1229 595 1275 eger,
631 1219 634 1222 '

115 1277 155 1324 De
166 1276 283 1325 Polutinis
294 1279 391 1324 dominae
402 1279 462 1338 quod
474 1280 544 1324 serico
553 1278 627 1340 prelis,

149 1342 244 1390 Succina
254 1342 357 1404 virginei
367 1343 427 1403 quod
437 1343 536 1404 regelstn
545 1357 619 1396 manu,
716 1363 719 1370 ·

116 1406 234 1468 Amphora
244 1407 305 1467 quod
315 1408 381 1469 nigri,
393 1407 432 1454 sed
442 1407 511 1467 longe
519 1405 596 1461 frusto,
609 1405 719 1463 Falerni„

150 1471 218 1524 Quod
229 1471 379 1537 quixSiconiss
389 1472 474 1518 detinet
485 1473 564 1517 hortus
573 1485 632 1532 opes,

117 1535 187 1590 Quod
198 1534 277 1584 Cosmi
288 1536 389 1582 redolent
400 1536 513 1589 olubustru⁴
525 1535 614 1596 focique
625 1534 736 1592 Deorum,
751 1576 754 1580 .

149 1599 218 1655 Qurotl
228 1601 295 1647 modo
306 1601 410 1648 divitibus
420 1601 481 1662 lapsa
489 1607 575 1646 'corono
585 1601 666 1646 comis:

116 1665 211 1726 Singulu
221 1666 275 1726 quid
285 1666 376 1712 dicam?
393 1680 439 1712 non
450 1672 504 1711 sunt
514 1666 580 1722 sotis;
597 1665 672 1712 omnio
682 1665 764 1713 misce:
824 1681 826 1688 ’
908 1653 912 1660 ’

150 1729 204 1776 Hoc
214 1728 316 1792 fragrant
325 1731 388 1792 pueri
398 1730 460 1776 busin
469 1743 536 1776 mnne
546 1730 597 1775 mei.

24 1849 29 1860 ι
117 1795 181 1841 Scire
191 1795 254 1856 cupis
265 1795 367 1840 nomen?
384 1793 425 1840 Nil
436 1802 518 1856 praeter
528 1795 589 1840 basin
600 1794 688 1840 dicam'

149 1857 249 1906 Jurasti:
269 1861 362 1905 nimium
374 1859 437 1914 seire,
450 1859 539 1913 Sabine,
551 1859 620 1920 cupis.

313 1999 335 2040 9.
351 1983 391 2040 De
402 1991 486 2043 Statue
497 1993 616 2040 Memoris·

118 2101 200 2173 ¹Clarus
211 2123 291 2171 fronde
301 2122 374 2179 Jovis,
386 2123 485 2170 Romani
496 2123 556 2170 fama
566 2125 676 2180 cothurni,

151 2189 227 2251 Spirat
238 2187 333 2252 Apelleis
343 2189 446 2235 redditus
453 2195 501 2236 erte
512 2189 612 2236 Memor.

255 2349 259 2356 ·
315 2323 352 2366 10.
368 2321 407 2368 De
422 2321 511 2366 Turno.

20 2429 25 2440 ¹
119 2451 225 2502 Contulit
236 2453 264 2499 ad
276 2452 369 2513 Satyrm
379 2449 481 2514 ingentio
490 2456 582 2512 pectora
590 2448 691 2496 Turnus.

153 2516 202 2566 Cur
213 2531 259 2566 non
269 2518 299 2564 nd
309 2517 421 2564 Memoris
432 2515 546 2564 carmina?
564 2513 644 2562 Frater
653 2521 708 2562 erat.
724 2581 726 2584 Ι
