1924 2912
314 127 316 134 ’
399 135 592 187 MARTIALIS

370 337 409 380 62.
429 335 462 380 In
473 335 613 381 Labienum.

159 460 228 516 Quod
238 469 323 524 pectus.
335 463 395 523 quod
405 479 470 510 crura
481 465 526 519 tibi,
539 463 599 525 quod
610 465 699 512 brachia
710 465 781 524 vellis,

191 525 259 581 Quod
270 527 343 574 cincta
354 534 389 574 est
398 528 502 575 brevibus
513 529 613 576 mentula
623 539 689 577 tonsa
698 531 765 593 pllis;
807 527 810 534 ’

159 589 214 638 Hoc
225 599 325 654 praestas,
338 591 444 649 Labiene,
456 601 502 640 tuae
514 594 575 658 (quis
587 595 658 642 nescit
663 593 686 656 l)
699 598 785 644 amieae.

193 654 237 708 Cui
247 664 342 719 praestas
353 658 434 714 culum,
447 674 521 720 quem,
534 658 640 716 Labiene,
651 660 725 722 pilas?

368 795 406 838 65.
423 792 453 839 Iu
466 792 602 840 Milichum.

157 917 212 964 Sola
222 919 261 964 tibi
271 917 361 966 iuersnt
372 921 480 974 sestertia,
492 919 715 978 Miliche,=oentum;
807 931 811 938 '

190 981 250 1036 Quae
261 983 312 1030 tulit
322 1000 336 1030 e
348 983 417 1032 Sacra
428 983 492 1030 Leda
502 986 601 1032 redemta
612 985 655 1033 vit.

157 1045 259 1102 Miliche,
271 1047 359 1094 luxuria
369 1056 411 1103 est,
423 1049 441 1094 si
452 1049 509 1096 tanti
521 1049 583 1096 dives
593 1063 687 1098 amarer.

189 1112 245 1159 Non
256 1125 314 1168 amo,
320 1115 370 1176 jam
381 1115 456 1160 diors:
476 1115 526 1160 baec
536 1129 603 1177 mage
613 1115 702 1163 luxuria
712 1122 754 1164 est

366 1243 453 1288 64:121
469 1243 585 1290 Taurum.

156 1369 221 1418 Dum
233 1370 300 1416 modo
312 1371 455 1426 causidicum,
467 1372 520 1418 dum
532 1369 555 1418 ie
566 1372 633 1419 modo
645 1373 735 1421 rhetora
744 1371 823 1436 lingis,

188 1434 221 1482 Et
233 1451 277 1482 non
286 1435 394 1491 decernis,
405 1435 488 1492 Taure,
500 1437 554 1498 quid
565 1452 615 1484 esse
625 1438 698 1496 velis;

157 1498 239 1547 Peleos
250 1508 272 1548 et
285 1499 369 1547 Priami
380 1502 465 1556 transit,
477 1501 515 1548 vel
527 1500 638 1557 Nestoris,
651 1509 722 1560 aetas3

186 1564 220 1612 Et
229 1563 302 1612 fuerat
313 1580 387 1612 serum
395 1567 442 1628 jam
454 1567 493 1614 tibi
504 1567 611 1614 desinere.

155 1629 240 1692 Incipe,
254 1631 311 1694 (tres
322 1645 367 1677 uno
378 1632 492 1692 perierunt
502 1632 602 1678 rhetores
613 1629 683 1692 anno)

188 1695 265 1756 Siquid
277 1696 344 1742 habes
355 1697 430 1750 animi,
442 1697 515 1757 siquid
524 1697 548 1742 in
560 1703 608 1743 arte
618 1696 688 1743 vales.

153 1761 178 1808 si
189 1760 266 1818 schola
276 1761 394 1807 damnatur
400 1778 408 1817 ;
425 1760 474 1807 fora
484 1761 559 1807 litibus
570 1761 646 1807 omnia
656 1761 755 1808 fervent:

185 1821 239 1886 Ipse
249 1833 324 1886 potest
334 1823 382 1871 fieri
393 1825 490 1886 Marsya
500 1825 631 1873 causidicus.

152 1887 198 1937 Eia
208 1904 257 1950 age,
269 1905 348 1950 rumpe
358 1905 445 1936 morus:
465 1907 510 1951 quo
521 1897 545 1936 te
555 1892 692 1953 sperabimus
703 1890 788 1952 usque?

183 1951 255 2010 Dum,
268 1955 320 2015 quid
332 1955 368 2010 sis,
380 1955 474 2011 dubites,
480 1955 530 2019 jam
541 1963 605 2018 potes
616 1970 665 2003 esse
676 1955 739 2002 nihil.

363 2083 402 2129 65.
418 2085 450 2130 In
462 2083 606 2130 Saleianum

184 2209 232 2261 Cur
243 2213 364 2260 tristiorem
377 2213 489 2259 cernimus
502 2210 648 2259 Saleianum?

183 2277 223 2324 An
234 2293 301 2324 causa
311 2277 368 2323 levis
379 2277 432 2324 est?
454 2277 541 2331 Extuli,
557 2277 638 2338 inquis,
650 2290 753 2324 uxorem.

182 2339 205 2388 Ο
216 2342 302 2402 grande
312 2341 352 2388 soti
365 2343 450 2387 crimen
460 2341 465 2388 l
484 2358 498 2388 o
509 2356 602 2402 gravem
615 2341 707 2390 casum!

181 2403 232 2460 Im,
243 2405 282 2452 illa
292 2405 354 2452 dives
365 2413 454 2452 mortua
465 2412 500 2452 est
512 2405 645 2461 Secundilla,

183 2467 288 2518 Centena
298 2469 372 2516 decies
384 2486 436 2532 quae
446 2469 486 2516 tibi
497 2469 558 2517 dedit
569 2469 643 2518 dotis!

181 2531 274 2580 Nollem
285 2535 403 2586 accidisset
414 2535 457 2584 hoe
467 2535 515 2592 tibi,
527 2533 636 2583 susim
