1922 2916
178 77 238 144 rra‘
411 89 606 144 ultumis

367 285 407 332 55.
424 285 457 333 lu
468 285 598 332 circatam.

242 411 307 460 Nulli
318 427 416 468 mamera,
429 411 531 469 Chresto,
543 413 562 460 si
573 414 677 470 renuitis,

242 475 296 524 Nee
307 478 371 524 nobis
382 477 477 531 dederis,
489 478 657 538 remiserisqae:

243 539 340 590 Credam
351 549 374 588 te
385 543 439 588 satis
449 557 499 588 esse
509 543 629 590 liberalem.

243 606 291 653 Seri
301 607 321 652 si
331 606 405 653 reddis
416 606 505 667 Apicio,
517 605 635 668 Lupoque,

243 669 277 718 Et
289 666 364 725 Gallo,
376 669 489 730 Titioque,
501 671 637 732 Gellioque;

242 733 336 798 Linges,
347 749 395 782 non
404 735 466 790 mihi,
479 736 543 798 (nam
554 737 625 796 proba
635 742 659 782 et
668 735 749 798 putta
758 733 806 798 est)

244 800 296 856 Sed,
308 815 359 861 quae
370 801 398 846 rie
410 800 508 861 Solymis
518 801 581 848 venit
590 802 692 862 perustis,

243 863 382 912 Damnatam
393 865 460 912 morio
471 866 595 912 mentulam
607 865 689 914 tributi.

348 965 351 974 ’
369 994 409 1040 56.
425 993 465 1039 Aa
477 993 611 1039 numam.

179 1124 250 1171 Astra
259 1122 379 1184 polumque
390 1119 430 1167 tut
439 1122 518 1182 cepisti
529 1129 612 1175 mente,
624 1121 709 1176 Rabiri,

163 1217 174 1230 „
211 1186 351 1234 Parrhasiam
362 1182 418 1230 miri
428 1186 466 1245 qui
478 1185 545 1231 struis
555 1192 604 1232 arte
614 1185 712 1246 dpmum.

181 1251 288 1299 Phidiaco
300 1250 318 1295 si
329 1250 397 1310 digna
407 1248 461 1297 Jovi
472 1250 525 1295 (lare
535 1249 619 1310 templa
628 1250 722 1310 prr-abit,

211 1315 263 1364 Hm
273 1320 334 1377 petat
345 1329 359 1360 a
368 1321 446 1360 nostro
458 1313 511 1360 Pisa
521 1312 627 1360 Tonante
636 1328 726 1360 manus.
778 1375 781 1380 Ι

370 1443 409 1490 ⁵⁷.
423 1443 463 1510 122
474 1442 577 1491 Aenus.

179 1573 274 1623 Castora
285 1573 312 1620 rie
324 1572 417 1620 Polluce
427 1573 525 1620 Gabinia
533 1571 588 1619 fecit
599 1571 726 1618 Achillam:

188 1634 190 1642 ’
210 1638 356 1702 Pyxagathoa
367 1638 453 1695 fuerat;
471 1653 532 1692 nune
542 1638 585 1684 erit
597 1636 762 1700 Hippodamea.

366 1767 406 1814 58.
423 1767 463 1813 Aa
479 1767 580 1814 Goliam.

175 1893 228 1943 Jam
241 1909 280 1941 sex
291 1902 329 1940 aat
340 1901 426 1956 septem
438 1896 540 1956 nupsisti,
554 1894 627 1949 Galla,
639 1894 739 1948 cinaedis,

209 1958 274 2005 Dum
286 1975 350 2006 coma
360 1967 383 2005 te
394 1960 495 2014 nimium¹
506 1973 607 2021 pexaque
617 1960 683 2004 barba
687 1960 764 2019 juvat.

175 2023 267 2070 Deinde
277 2031 369 2085 experta
378 2024 442 2078 latus,
455 2025 588 2084 madidoque
597 2024 709 2070 simillima
718 2023 769 2068 loro

210 2085 314 2150 Inguina,
327 2104 367 2134 nec
378 2087 437 2134 lassi
448 2095 507 2135 stare
517 2095 594 2134 coactu
604 2103 679 2142 manu,

177 2147 272 2198 Deseris
283 2151 383 2198 imbelles
394 2153 509 2206 thalamos,
522 2152 656 2212 mollemque
666 2153 771 2198 maritum
777 2167 786 2208 ς

208 2215 297 2263 Rursus
309 2225 331 2263 et
343 2217 365 2262 in
377 2217 461 2262 similes
471 2217 554 2263 decidis
565 2231 635 2276 usque
646 2223 715 2262 toros.

176 2278 261 2333 Quaere
272 2281 367 2341 aliquem
377 2279 459 2328 Corios
470 2295 558 2341 seraper
565 2279 690 2341 Fabiosque
697 2281 837 2341 loquentem,

208 2343 336 2399 Hirsutum,
347 2352 371 2391 et
381 2344 436 2391 durii
447 2346 569 2391 rusticitate
577 2353 669 2392 trucem.

174 2403 296 2465 Invenies3
308 2409 347 2455 aed
357 2409 422 2456 habet
432 2410 504 2456 tristia
514 2425 603 2470 quoque
614 2411 678 2456 turba
687 2409 800 2457 cineam

205 2469 305 2520 Difficile
315 2479 350 2521 est
360 2488 415 2522 varo
425 2475 515 2530 nabere,
526 2474 601 2528 Galia,
611 2474 669 2521 viro·
