1922 2916
144 115 191 164 rac
323 149 327 166 f
377 107 575 159 unsarans
623 73 626 78 โต

145 245 203 294 Non
212 243 270 292 bule
281 241 383 304 quaedam
394 239 480 288 faciunt
491 240 549 288 duos
564 239 646 288 sufficit
656 255 719 288 unus

181 309 244 356 Huic
255 309 329 370 operi:
343 308 362 354 si
373 307 415 362 vis,
427 314 453 353 ut
463 307 548 366 loquar,
559 307 607 367 ipse
618 312 675 357 tace.

149 373 224 434 Crede
234 375 295 428 mihi,
307 372 410 434 quamvis
421 372 529 433 ingentia,
542 370 659 426 Postume,
670 370 729 418 dona

181 439 290 488 Auctoris
300 443 396 500 pereunt
407 437 540 498 garrulitate
550 437 591 482 sui.

369 567 409 612 55.
426 565 466 610 Aa
478 566 589 611 Bassum.

152 696 261 748 Colchida
271 696 325 756 quid
336 695 420 748 scribis,
431 693 485 754 quid
496 693 579 748 scribis,
591 693 668 747 amice,
679 691 817 755 Thyestea?

186 762 247 816 Quid
258 761 297 808 tihi
307 761 344 807 vel
355 759 436 814 Niobe,
448 758 528 814 Basse,
539 758 577 805 vel
588 757 766 807 Andromache?

153 827 252 874 Materia
259 833 299 880 est,
311 825 366 871 mihi
377 825 449 878 crede,
461 825 506 870 tuis
514 824 628 886 aptissima
639 824 721 871 chartis

185 891 324 948 Deucaliou3
336 889 380 944 rel,
392 889 411 936 si
422 903 468 936 non
479 887 552 950 placet
562 888 605 942 hic,
615 887 741 936 Phadthon.

310 1021 349 1066 54.
365 1019 406 1066 De
417 1019 516 1066 Rhetore
527 1019 657 1079 Apollonio.
711 1005 715 1010 ยน

187 1149 356 1212 Extemporalis
367 1147 440 1195 factus
451 1156 486 1194 est
497 1163 560 1195 meus
571 1149 660 1196 rhetor:

188 1214 335 1278 Calpurnium
347 1229 393 1260 non
405 1215 500 1276 scripsit,
513 1221 536 1260 et
547 1214 658 1261 salutwit

314 1341 354 1391 55.
369 1345 409 1391 Dc
420 1339 510 1405 Aquita
517 1352 627 1405 portante
636 1345 722 1393 vacrn.

158 1469 207 1520 Dic
212 1471 267 1519 mihi
275 1487 342 1534 quern
353 1477 436 1533 portes,
443 1471 560 1521 volucrum
568 1471 664 1534 regina?
675 1470 813 1521 Tonantem.

190 1537 261 1584 Nulla
270 1552 339 1584 manu
350 1551 418 1598 quare
428 1535 523 1582 fulmina
532 1536 622 1598 gestat?
639 1537 717 1584 Amat.

158 1602 213 1659 Quo
224 1603 282 1650 calet
292 1604 348 1664 igne
357 1600 441 1648 Deus?
454 1599 529 1647 Pueri
548 1599 596 1650 Cur
607 1602 667 1649 mitis
678 1608 755 1664 aperto

191 1667 294 1730 Respicis
306 1683 345 1714 ore
355 1665 456 1716 Jovenr?
473 1665 512 1712 De
525 1667 660 1728 Ganymede
669 1667 757 1730 loquor.

385 1798 424 1842 56.
442 1796 482 1842 Ad
493 1796 598 1856 Lupum.

225 1924 270 1975 coi
282 1925 363 1980 tradas,
376 1923 449 1987 Lupe,
460 1924 532 1972 fllium
543 1926 659 1988 magdstro,

227 1991 320 2045 eraeris
331 1990 440 2036 sollicitus
451 1991 496 2046 diu,
509 2005 627 2052 rogasque.

227 2055 314 2102 Orrrnes
324 2055 527 2117 grammaticosque
538 2057 681 2120 rhetorasque

226 2119 330 2175 Deuites,
342 2135 439 2176 moneor
456 2121 553 2177 nihilsit
563 2120 595 2166 illi

226 2182 287 2233 Cum
297 2185 360 2231 libris
371 2183 495 2240 Ciceronis,
506 2191 546 2232 aut
556 2183 667 2232 Maronis.

226 2247 305 2296 Famae
315 2249 425 2296 Tutilium
437 2265 484 2297 suae
495 2251 612 2311 relinquat

228 2313 253 2360 Si
264 2327 344 2360 versus
354 2314 414 2368 facit,
425 2315 512 2362 abdices
521 2315 620 2376 poetam.

227 2377 298 2426 Artes
308 2379 393 2424 discere
403 2379 453 2424 vult
462 2379 612 2440 pecuniosus?

229 2439 283 2494 Fac.
295 2441 372 2498 discat,
383 2443 525 2497 citharaedus.
537 2450 576 2491 aut
586 2444 709 2494 choraules.

127 2519 130 2525 ยน
229 2503 255 2550 Si
265 2504 315 2550 duri
324 2520 380 2566 puer
388 2507 467 2568 ingeni
476 2507 571 2562 ridetur,

230 2565 365 2618 Praec'oaem
375 2568 451 2630 facias,
462 2572 500 2621 sal
509 2573 662 2623 architectum
