1922 2916
183 97 230 142 192
418 95 610 146 MARTIALIS

182 219 250 269 Nuda
261 225 340 270 recede
351 224 445 272 Venus:
466 243 511 273 non
523 235 558 272 est
569 235 621 274 tuus
632 230 675 276 iste
686 230 780 278 libellus.

213 288 251 335 Tu
262 290 323 346 mihi,
335 297 366 346 tu,
380 289 454 338 Pallas
467 289 603 348 Caesariana.
615 295 674 340 veni.

374 425 396 468 2.
413 423 454 468 Au
464 424 563 470 Jonum.

246 546 366 600 Fastorum
377 551 473 612 genitor,
484 566 616 612 parensque,
627 551 699 601 Janus

246 613 363 662 Victorem
376 617 442 661 modo
454 632 505 662 cum
516 617 601 664 videret
613 615 673 674 Istri,

244 677 291 725 Tot
301 680 377 726 vultus
388 680 429 725 sibi
440 695 485 726 non
497 682 551 726 satis
561 684 660 742 putarit3

246 743 384 805 Optavitque
395 745 472 791 oculos
483 747 563 792 habere
574 747 662 808 plures:

197 848 201 853 .
245 807 278 854 Et
289 807 366 870 lingud
376 810 458 870 pariter
467 810 557 856 locutus
567 812 636 866 omni,
726 843 731 850 -
817 841 822 848 ·

244 872 365 922 Terrarum
377 875 474 927 domiuo,
488 873 584 935 Deoque
594 891 669 922 rerum

179 989 182 1002 Ι
246 936 354 984 Promisit
366 937 454 999 Pyliam
466 947 544 999 quater
555 948 677 988 senectam.

245 1001 328 1058 Adduq
341 1003 479 1066 dempster,
491 1013 559 1059 tuam,
571 1021 685 1068 rogamus.

371 1139 395 1181 3.
412 1136 451 1181 Ad
462 1136 567 1182 Musam.

171 1309 174 1314 ,
184 1263 290 1325 Quinque
301 1265 354 1311 satis
365 1265 468 1323 fuerant;
487 1281 538 1314 nam
551 1281 597 1322 sex,
609 1273 723 1330 septemve
733 1267 808 1324 libelli,

214 1327 259 1375 Est
269 1330 375 1376 nimium:
395 1331 448 1391 quid
459 1332 530 1377 adhuc
540 1331 623 1387 ludere,
636 1331 712 1387 Musa,
720 1333 802 1395 juvat?

183 1393 218 1440 sit
228 1394 306 1454 pudor,
318 1401 341 1440 et
351 1393 416 1442 linis:
432 1397 480 1456 jam
491 1397 541 1457 plus
553 1397 607 1442 nihil
618 1397 699 1443 addere
709 1398 772 1444 nobis
813 1429 816 1436 ·

213 1457 283 1506 Fama
293 1466 381 1521 potest:
401 1461 480 1506 teritur
491 1468 568 1506 noster
579 1462 659 1522 ubique
669 1462 730 1509 liber.
814 1507 824 1516 ,

181 1521 277 1573 Etcum
289 1531 353 1586 rupta
364 1525 407 1570 situ
420 1524 527 1571 Messalae
539 1541 593 1572 saxa
598 1527 712 1588 jacebunt,

213 1587 310 1649 Altaque
321 1605 372 1636 cum
385 1589 459 1636 Licini
470 1605 580 1636 marinora
590 1591 664 1651 pulvis
675 1598 756 1648 erunt;

179 1651 222 1699 Me
235 1663 308 1700 tamen
320 1670 359 1700 ora
369 1653 461 1716 legent3
478 1663 502 1701 et
513 1671 588 1702 secum
598 1656 707 1716 plurimus
718 1658 800 1718 hospes
821 1691 827 1704 1

213 1716 251 1764 Ad
261 1720 344 1779 patrias
355 1720 419 1765 sedes
431 1721 529 1766 carmina
540 1728 616 1766 nostra
626 1721 690 1768 feret.

180 1781 201 1828 F
202 1781 302 1836 inieram,
314 1799 365 1829 cum
377 1787 408 1830 sic
420 1785 534 1846 respondit
544 1800 604 1832 nona
614 1801 723 1840 sororum,

213 1843 257 1894 Cui
269 1863 334 1894 coma
344 1854 368 1894 et
378 1857 495 1910 unguento
506 1850 595 1896 sordida
605 1852 674 1896 vestis
685 1860 745 1897 erat:
783 1847 788 1854 ’

180 1909 248 1958 Tune
258 1919 323 1974 potes
334 1913 417 1967 dulces,
429 1915 523 1974 ingrate,
535 1915 659 1975 relinquere
669 1913 760 1977 nugas?

179 1975 182 1981 '
212 1974 258 2022 Dic
270 1977 331 2030 milri,
342 1976 395 2038 quid
405 1979 485 2025 melius
496 1979 618 2026 desidiosus
629 1979 700 2041 ages?

177 2039 217 2088 An
224 2041 291 2103 juvat
301 2041 329 2088 ad
340 2043 438 2104 tragicos
449 2059 539 2090 soccum
551 2043 670 2090 transferre
682 2045 824 2092 cothurnos?

178 2145 182 2154 ,
211 2107 299 2168 Aspera
311 2107 347 2154 vel
357 2109 445 2168 paribus
456 2109 514 2154 bella
524 2116 603 2154 tonare
613 2108 704 2155 modis?

180 2167 294 2231 Praelegat
305 2179 330 2218 ut
341 2172 439 2220 tumidus
450 2171 516 2219 rauci
527 2180 549 2226 te
560 2189 616 2220 voce
627 2174 740 2235 magister,

211 2235 291 2282 Oderit
301 2244 324 2283 et
335 2237 426 2299 grandis
436 2239 508 2299 virgo,
519 2239 635 2298 bonusque
645 2237 719 2299 puer?

178 2298 280 2345 Scribant
292 2302 334 2347 ista
344 2317 425 2362 graves
437 2303 536 2366 nimium,
550 2303 686 2363 nimiumque
697 2303 777 2358 severi,
840 2343 843 2348 .

210 2363 276 2416 Quos
286 2363 359 2411 medid
369 2367 462 2412 miseros
474 2371 539 2412 nocte
550 2367 641 2413 lucerna
651 2367 720 2414 videt.

176 2425 208 2472 At
221 2433 244 2473 tu
257 2427 362 2475 Rommm
372 2431 458 2491 lepidos
469 2432 589 2493 sale'tiuge
599 2431 698 2478 libellos:

207 2490 326 2552 Agnoscat
337 2509 411 2540 mores
422 2496 474 2549 vita,
486 2496 597 2558 legatque,
609 2511 670 2543 suos.

176 2554 283 2616 Angustia
294 2565 383 2604 cantare
392 2559 446 2606 licet
455 2560 551 2616 sidesris
560 2558 637 2616 areni,
709 2593 712 2598 ι

206 2617 271 2666 Dum
282 2627 321 2667 tua
331 2620 453 2670 multorum
464 2625 622 2674 vincstarem
633 2621 706 2674 tubas.
717 2661 721 2668 .
740 2653 742 2660 ,
