1864 2922
280 123 544 202 'eurroemrru
637 219 639 224 ι

313 339 354 396 Aa
364 345 498 396 Scaeuolam.

89 481 198 538 Scaevola,
210 486 235 528 lu
246 492 324 527 coenaa
334 477 394 544 apud
404 491 490 531 omues,
501 475 576 523 nullus
587 474 646 540 apud
657 480 694 524 ter

122 549 224 600 Alterius
236 546 306 594 siccas
317 544 404 605 pocula,
415 558 483 590 nemo
493 549 539 588 tua.

86 616 140 668 Aut
149 621 175 662 tu
186 612 254 660 redde
261 610 329 664 vices,
341 615 381 656 eut
391 603 468 655 deride
478 605 537 654 velle
547 605 636 654 vocari:

120 679 229 730 Dedecus
239 682 275 725 ert
285 689 373 737 semper
383 685 478 730 sumere,
490 672 568 734 nilque
578 671 638 719 dare.

312 803 353 852 Aa
365 791 486 852 Ama·

88 938 173 1003 Exigis
183 952 197 985 a
207 935 278 990 nobis,
289 949 357 996 quem
368 931 424 980 nulli
435 931 510 988 solvis,
522 943 636 978 amoremr

121 1005 198 1060 Quam
208 1001 264 1048 nulli
275 1005 377 1064 praerlas,
389 997 469 1058 exigis,
483 997 564 1051 Aucto,
576 995 651 1044 fidem.

87 1069 171 1132 Exigir
182 1067 277 1121 anobis,
289 1079 356 1132 querp
367 1077 414 1109 uon
423 1063 536 1117 merearis,
547 1063 671 1118 honorem}

121 1135 210 1184 Mirum
221 1138 263 1189 eet,
274 1129 334 1193 quod
344 1143 391 1175 non
402 1127 448 1184 dar,
459 1127 482 1174 id
492 1127 532 1174 tibi
542 1127 602 1196 velle
612 1125 667 1173 dari.

312 1259 352 1307 De
362 1257 426 1308 Filo.

88 1391 162 1443 Pallia
171 1389 236 1440 Filue
246 1390 327 1444 habet3
344 1387 427 1450 digitos
438 1385 579 1447 circumligat
590 1400 658 1432 auro:

122 1459 168 1506 Sed
178 1464 254 1504 tamen
265 1461 300 1501 eet
311 1451 375 1500 Filus
385 1467 482 1515 paupere
492 1451 617 1514 pauperior.

90 1525 150 1576 Sunt
159 1520 238 1582 Tyriae
249 1517 384 1578 chlamydes,
395 1517 458 1564 mille
468 1517 623 1574 instrumenta,
635 1515 729 1562 clienter

85 1604 89 1612 ’
121 1585 187 1637 Filo:
207 1584 334 1632 aed'tamen
345 1584 488 1644 ert'paupere
498 1580 623 1644 pauperior.

87 1653 155 1704 Atria
166 1651 219 1698 sunt
230 1647 281 1697 luo
292 1647 362 1708 regali
373 1647 462 1694 consita
471 1645 548 1693 cultu:

123 1717 169 1765 Sed
179 1723 254 1762 lernen
266 1721 301 1761 eat
311 1711 375 1758 Filus
385 1726 483 1775 paupere
492 1709 616 1772 pauperior.

87 1781 168 1834 Eeuril
178 1787 245 1841 atque
255 1777 417 1839 citiugemmia
426 1778 550 1822 instructus
560 1781 583 1822 ct
594 1788 660 1822 auror

121 1845 222 1908 Cyclada
232 1843 328 1893 veatitus
338 1842 408 1888 esurit
418 1848 486 1902 alque
496 1839 550 1886 citit.

89 1909 184 1962 Pondus
195 1909 273 1957 adesse
283 1906 355 1962 famis,
366 1907 438 1970 pallor
448 1904 577 1966 maciesque
585 1903 721 1964 loquuntur:

122 1977 199 2024 Aurea
208 1973 268 2021 bulla
279 1977 349 2034 negat
358 1971 447 2033 pondua
458 1969 536 2017 adesse
545 1968 620 2016 samia.

89 2041 155 2106 Ergo
165 2041 234 2088 miser
246 2055 270 2085 re
281 2037 372 2084 s'ervitio
383 2051 424 2098 pro
434 2049 492 2098 pane
502 2033 599 2082 locabit:

122 2107 174 2162 Sed,
183 2121 212 2152 ne
223 2105 253 2152 cit
262 2117 349 2156 servus,
360 2115 427 2148 aurea
436 2099 497 2147 bulla
505 2098 567 2154 facit.

89 2173 114 2224 si
125 2188 179 2220 vero
190 2181 325 2232 quemquam
333 2166 433 2229 pulsabit
443 2165 542 2228 supplice
553 2169 615 2219 voto,

122 2237 156 2285 Ur
167 2251 213 2284 non
224 2241 309 2288 exoret,
321 2233 392 2279 serica
401 2231 471 2278 rectia
482 2230 552 2277 adest.

89 2302 162 2364 Ergo,
173 2316 202 2348 ne
212 2306 295 2363 pereat,
306 2295 346 2344 fiat
357 2297 385 2342 de
395 2295 465 2343 divite
474 2309 572 2357 pauper:

122 2365 212 2429 Pauper
222 2365 283 2412 enim
293 2362 373 2417 iactus,
382 2361 452 2408 'ditior
462 2375 513 2408 esse
522 2365 603 2423 potera

313 2491 353 2540 Ad
364 2491 463 2540 Aulum.

90 2627 147 2678 Non
158 2625 256 2690 sanguis,
269 2637 316 2670 non
327 2621 372 2670 oris
383 2621 464 2676 honor,
475 2633 521 2668 uon
532 2615 605 2682 gloria
616 2615 703 2674 ceneda,
733 2639 737 2646 ·

61 2735 67 2752 ,
123 2691 178 2743 Non
189 2691 289 2756 gravitas
299 2693 388 2739 morum
398 2687 503 2754 proderit,
515 2685 583 2742 Aule,
595 2683 641 2734 tibi.
