1916 2918
263 99 630 172 omousiuunruruun
643 125 676 174 ro
756 129 801 176 271

167 253 282 302 Lshsutur
292 255 335 300 toti
346 267 397 300 cum
408 254 463 300 milri
474 269 535 318 saepe
545 255 600 302 diss.

135 318 206 368 Nunc
217 319 363 366 resalutantes
375 319 443 366 uideo
452 327 576 366 nocturnus
587 320 678 375 emices,

133 422 136 428 .
167 384 275 432 Gratulor
285 391 308 430 et
318 383 407 440 multis;
424 399 498 438 nemo,
511 383 594 439 Potite,
605 385 668 431 mihi.

133 447 205 496 Nunc
215 449 243 496 ad
253 448 372 495 lucissrsm.
379 449 455 510 signat
464 463 516 496 mes
526 463 617 510 gcmms
627 447 742 498 Disosmr
809 457 812 467 “

168 513 238 561 Nunc
248 529 286 561 ms
295 513 367 575 prims
378 513 425 567 sibi,
436 528 497 559 nunc
508 514 549 560 sibi
559 515 637 574 quinta
648 515 712 578 rapit.

135 577 206 626 Nunc
217 578 302 631 consul,
313 585 425 639 praetorse
433 585 504 631 tenet,
517 579 652 639 reducesque
662 579 766 630 choree:

168 643 267 690 Auditur
278 650 327 688 toto
338 657 398 704 saepe
408 641 475 704 polita
485 642 529 688 die.

136 707 182 756 Sed
193 723 234 754 nec
246 707 359 754 causidico
369 707 442 768 possis
452 707 544 768 impune
554 721 651 769 negare:

167 771 219 819 Nec
231 772 250 818 si
260 778 284 818 te
292 772 376 826 rhetor,
387 771 577 833 grammaticusve
587 779 681 835 rogents

135 835 223 885 Balnea
231 841 283 898 post
293 836 401 883 desimam
412 837 478 890 lasso,
490 844 625 898 centumque
634 845 741 898 petuntur

169 901 326 957 Qusdmtes:
346 899 386 947 flet
396 900 491 962 quando,
504 900 587 958 Potite,
598 901 672 949 liber?

284 1021 287 1028 ’
328 1031 367 1076 71.
382 1030 561 1077 oenotris..
663 1010 666 1018 “

135 1159 244 1220 Quisquis
254 1159 308 1206 laets
317 1159 362 1205 tuis
373 1166 396 1206 et
408 1174 457 1206 sera
466 1159 594 1220 parentibus
604 1166 669 1221 optas

167 1223 230 1278 Fata,
241 1225 332 1270 brevem
343 1225 432 1280 titulum
443 1225 561 1270 murmoris
571 1223 637 1286 hujus
647 1239 704 1272 emt

136 1286 244 1338 Condidit
254 1289 296 1334 hac
307 1303 370 1335 caras
380 1283 460 1336 tellure
470 1287 576 1334 Rabirius
586 1289 690 1337 umbras:

165 1352 230 1400 Nulli
242 1360 302 1400 sorte
308 1353 386 1416 jacent
395 1353 522 1400 candidiore
533 1368 605 1400 sones.

133 1415 176 1466 Bis
186 1432 227 1465 sex
236 1417 308 1464 lustra
317 1419 361 1464 tori
372 1431 419 1464 nox
429 1417 490 1463 mitis
500 1424 524 1463 et
534 1417 613 1464 ultima
623 1419 702 1477 clusit;
716 1441 719 1446 ·

167 1482 279 1530 Arserunt
290 1497 336 1529 uno
343 1482 425 1529 lunera
434 1483 487 1528 bina
496 1497 560 1542 rogo.

135 1545 189 1596 Hos
199 1545 275 1594 tamc'n
286 1554 311 1594 ut
321 1547 400 1608 primis
411 1553 485 1608 raptos
497 1547 537 1592 sibi
548 1548 629 1606 quierit
639 1547 663 1593 in
674 1547 751 1596 suniat

165 1610 292 1678 Improbius
303 1611 359 1658 nihil
369 1611 404 1658 his
414 1609 503 1658 fletibus
514 1625 564 1658 csse
573 1617 654 1674 potest.

90 1761 94 1767 ·
181 1781 184 1790 .
210 1745 253 1792 72
268 1743 435 1796 Adulatorium
445 1744 473 1789 de
486 1742 577 1789 Coescre
591 1739 703 1804 Troiano.

196 1872 297 1930 Frustra,
307 1874 427 1928 blanditias,
438 1874 520 1921 venitis
530 1873 559 1919 sd
569 1887 606 1920 me
624 1897 626 1902 ·

196 1938 290 1987 Attritis
299 1939 435 1986 miserabiles
444 1937 536 1986 labellis.

196 2002 308 2052 Dictmus
319 2003 452 2058 Dominum,
464 2002 587 2062 Deumque
597 2016 643 2048 non
655 2015 721 2050 sums
739 2023 742 2031 Α

194 2067 249 2118 Jam
260 2083 307 2115 non
318 2067 425 2126 estllocus
435 2069 477 2114 isse
488 2069 512 2114 in
522 2069 577 2113 urbe
587 2067 658 2115 vobis.

197 2133 236 2180 Ad
247 2131 344 2180 Parthos
354 2133 471 2194 proculitc
480 2133 588 2194 pilest0s3

138 2236 142 2242 .
197 2195 231 2244 Et
241 2205 325 2260 turpes,
335 2197 482 2258 humilesque,
494 2197 654 2260 supplicesque,

195 2261 312 2310 Pictorum
323 2262 371 2308 sola
380 2263 464 2308 basim
474 2277 562 2323 regum.

194 2325 251 2374 Non
262 2334 297 2374 est
307 2327 343 2373 hic
354 2327 464 2382 dominus,
477 2327 516 2372 sed
526 2327 653 2388 imperator,

196 2391 242 2440 Sed
247 2392 386 2455 justissimus
396 2392 496 2438 omniurn
508 2397 612 2447 senator3

196 2455 241 2504 Per
251 2471 318 2516 quem
330 2457 358 2503 de
370 2455 450 2518 Stygii
460 2456 528 2502 domo
538 2455 630 2502 reducts
640 2459 675 2502 est

196 2521 267 2570 Siccis
277 2522 361 2568 rustica
371 2519 463 2568 Veritas
473 2520 564 2582 capillis.

196 2585 251 2634 Hoc
262 2587 303 2633 sub
312 2586 417 2648 principe,
430 2587 449 2632 si
460 2585 525 2648 sapis,
537 2591 629 2640 csvctof
709 2617 712 2622 -
776 2607 780 2610 ·

195 2649 284 2708 Verbis
295 2649 379 2709 Roma,
389 2651 499 2714 prioribus
505 2649 615 2713 loquaris·
630 2680 632 2686 ,
671 2675 675 2682 ·
726 2673 729 2680 ·
