1924 2912
159 111 191 158 aa
322 80 324 85 ’
394 103 585 154 nnnnnms

192 234 300 291 Venator,
313 236 385 283 cultro
396 235 429 282 nii
440 251 556 298 aupereaae
566 249 615 282 auo.

162 297 231 348 Unde
241 301 303 348 levet
314 301 382 349 animi
392 308 456 347 tanto
467 298 653 348 concretarum?

195 365 233 412 Sic
242 372 345 428 pugnant
355 366 419 420 tauri,
431 365 463 411 cic
473 362 574 412 cecidere
584 363 635 410 riri.

316 521 323 529 -
397 495 437 538 56.
454 491 494 538 Aa
507 491 584 538 Otum.

165 619 230 670 Cana
240 626 275 667 est
284 620 352 666 barba
362 618 413 674 tibi;
425 618 491 679 nigra
501 625 536 664 eut
547 631 622 664 coma:
636 617 823 680 tinget-ebatum

81 689 83 696 ’
198 685 253 733 Non
260 691 337 748 potea;
349 684 398 730 haec
407 689 527 729 cauneata
541 682 657 746 aedpotea,
666 681 716 740 Ole,
726 701 823 738 comam,

394 813 434 864 57·
450 810 490 858 Ad
501 808 596 872 Afrum.

200 945 299 996 centum
311 942 420 995 Coranus,
431 949 455 988 et
465 941 561 988 ducenta
571 939 700 998 Mancinus,

199 1011 312 1059 Trecenta
322 1009 387 1058 debet
397 1006 478 1060 Titius,
489 1006 532 1053 hoc
543 1007 576 1052 bia
586 1005 688 1061 Albinus,
789 1047 791 1050 .

200 1076 285 1124 Decies
297 1075 398 1126 Sabinus,
410 1073 549 1132 alterumque
560 1071 683 1132 Serranua3

200 1141 240 1188 Ex
250 1139 329 1186 insulis
338 1137 458 1198 funditque
468 1135 543 1182 tricies
552 1135 649 1190 coldum,

202 1205 241 1252 Ex
252 1207 331 1266 pecore
342 1203 435 1249 redeunt
445 1208 480 1248 ter
490 1201 576 1246 ducena
587 1199 718 1248 Parmenaia

201 1269 267 1316 Totis
278 1269 361 1322 diebus,
373 1265 436 1321 Aser,
448 1266 491 1312 hoc
502 1265 556 1310 mihi
566 1279 656 1321 narrum

201 1327 235 1382 Et
246 1341 312 1380 teneo
322 1331 402 1378 medua
412 1331 461 1384 isto,
472 1345 539 1390 quarn
550 1343 625 1375 meum
636 1345 727 1378 nomen.

202 1397 315 1446 Numeres
326 1402 414 1458 oportet
424 1395 511 1454 aliquid,
525 1401 549 1440 ut
561 1395 605 1454 pati
615 1395 714 1454 poeaimt

203 1463 362 1518 Quotidianam
373 1459 439 1506 refice
450 1473 555 1504 nauseam
567 1459 678 1506 nummio:

201 1528 288 1575 Audire
298 1526 375 1588 gratia,
387 1523 449 1579 Afer,
461 1523 503 1569 iate
514 1537 559 1569 non
569 1535 668 1584 poaaum.

393 1656 434 1698 58.
449 1653 489 1697 Ad
502 1651 603 1698 Gallum

172 1781 245 1839 Galia,
257 1799 329 1845 nega:
349 1783 441 1829 satiatur
449 1797 518 1836 arnor,
529 1781 572 1828 niti
583 1781 666 1844 gaudia
675 1790 793 1846 torquent:
808 1835 812 1841 ,

204 1849 305 1900 sednon
316 1847 417 1902 nimium,
430 1847 503 1902 Galla,
514 1861 599 1908 negare
608 1847 653 1894 diu.

393 1980 434 2024 59.
451 1977 491 2022 Ad
503 1975 639 2023 Charinum.

133 2127 139 2141 ·
236 2105 334 2170 Argenti
344 2120 417 2167 genua
428 2119 495 2151 omne
505 2099 644 2165 comportati,

237 2171 271 2220 Et
282 2172 343 2218 solua
353 2179 442 2218 veterea
453 2169 560 2229 Myrouia
571 2173 637 2220 artes,

238 2237 304 2284 Solus
312 2235 436 2284 ¹Praniteiir
446 2249 532 2286 manua,
545 2233 675 2293 Scopteque,

238 2301 305 2348 Solua
317 2299 416 2345 Phidiaci
427 2306 528 2344 toreuma
539 2297 595 2350 caeli.

238 2365 305 2412 Solus
317 2363 449 2410 Mentoreos
460 2363 526 2408 habea
536 2361 622 2408 laborer
631 2377 638 2416 3

238 2427 290 2474 Ncc
301 2429 381 2473 desunt
392 2428 431 2472 tibi
442 2441 496 2472 vera
507 2425 638 2478 Grantiana,

238 2491 290 2537 Nec
300 2505 351 2550 quaa
363 2489 462 2538 Callaico
472 2490 573 2536 linuntur
583 2503 644 2541 auro,

239 2553 291 2600 Nec
302 2555 519 2616 mensiaaoaglypta
529 2553 557 2600 de
566 2552 677 2614 patentia·

234 2619 368 2679 „Argentum
379 2625 454 2664 umen
463 2618 523 2668 inter
533 2631 607 2670 omne,
619 2616 693 2670 miror.

241 2677 317 2736 Quare
329 2697 373 2728 uon
383 2679 473 2738 habeut,
486 2679 590 2737 Charine,
601 2695 689 2742 purum.
