1922 2916
148 182 149 190 ἵ
177 119 224 170 154
303 139 305 146 ·
416 101 609 162 utrumme

395 310 435 356 65.
452 309 491 354 Ad
506 310 617 356 Tnconm.

179 439 325 488 Hexametrio
335 438 474 500 epigramma
483 436 545 494 faeie,
558 437 605 483 seio
616 435 689 482 dieere
700 435 809 484 Tueenrtr.

209 503 292 558 Tucca,
306 503 363 549 solet
374 501 436 559 lieri3
454 502 556 561 denique,
568 501 652 555 Tucca,
663 503 724 548 lieet.

178 569 225 618 Sed
245 577 321 616 temen
343 567 386 612 hoe
405 567 498 627 longum
518 573 560 612 est
593 565 656 612 Solet
678 567 721 612 hoe
743 581 837 627 quoque,

275 631 357 686 Tucca,
368 631 479 692 licetque:

212 697 237 745 si
247 697 349 743 breviore
360 697 446 756 probes,
454 695 552 740 ,disticha
563 695 610 740 sola
620 695 691 756 leges.

179 761 309 812 Conveniat
320 761 396 806 nobie:
416 767 442 805 ut
452 759 486 804 les
497 761 659 820 epigrammate
667 760 737 821 longe

211 827 247 874 Sir
257 827 351 873 transire
363 826 419 882 tibi3
437 825 538 879 scribere,
550 823 634 878 Tuece,
646 825 708 870 milri.

275 959 313 1002 66.
330 956 369 1001 De
382 955 494 1000 Precone
506 953 616 1000 Puellam
627 955 748 1000 vendere:

243 1085 321 1133 Femae
332 1097 377 1130 non
389 1083 483 1128 nimium
494 1083 561 1128 bonae
571 1081 675 1143 puellum,

195 1158 197 1162 '
243 1149 329 1204 Quales
339 1149 362 1194 in
374 1145 447 1193 medii
458 1147 537 1192 sedent
549 1145 642 1201 Subura,

243 1213 361 1260 Vendebat
372 1212 439 1258 modo
450 1226 525 1272 praeeo
537 1211 662 1257 Gellianus.

245 1277 321 1326 Parvo
332 1291 384 1322 curn
395 1278 466 1338 pretio
478 1277 515 1322 diu
526 1275 609 1330 liceret,

242 1341 310 1390 Dum
320 1355 398 1404 putem
410 1343 470 1402 eupit
481 1341 604 1401 approbare·
611 1339 706 1396 eunetis,
803 1334 805 1339 ’

243 1408 346 1454 Attrnxit
356 1421 425 1467 prope
437 1421 460 1452 ee
471 1420 539 1450 manu
550 1413 678 1466 negantem,

234 1471 279 1520 ,Et
289 1472 329 1526 bie,
340 1479 425 1530 terque,
437 1477 558 1531 quaterque
568 1470 670 1516 basiavit.

243 1536 307 1594 Quid
317 1534 437 1596 profecerit
448 1534 532 1588 osculo,
544 1533 654 1594 requiris?

195 1605 197 1614 '
245 1601 369 1648 sexcentos
380 1601 448 1646 modo
459 1600 496 1660 qui
507 1598 579 1652 debet,
591 1597 690 1659 negavit.

275 1731 314 1777 67.
332 1730 372 1775 Ad
383 1729 526 1782 Potentiorem,
538 1729 566 1773 de
580 1725 657 1774 Gellio
674 1728 756 1774 erre.

180 1857 230 1908 Cur
239 1865 327 1905 tentum
338 1858 453 1904 eunuchos
463 1857 543 1903 hebeat
554 1860 592 1901 tun
604 1855 686 1909 Gellio,
697 1855 786 1914 querit,

213 1923 332 1971 Pennieei
349 1923 399 1970 vult
408 1921 466 1968 futui
478 1919 561 1975 Gellia,
572 1935 619 1966 non
629 1933 714 1982 perere.

276 2056 315 2099 68.
330 2052 370 2098 De
380 2051 457 2098 Morte
468 2050 572 2117 eqyelrr'
583 2051 666 2096 Prteri.

181 2177 247 2230 llere
258 2179 321 2226 nesus
331 2186 439 2234 vestrum,
451 2180 490 2226 sed
500 2185 549 2226 toto
560 2178 613 2225 flete
624 2176 731 2232 Lucrino,

214 2245 307 2299 Naides,
319 2251 343 2290 et
353 2245 427 2290 luctus
438 2245 520 2290 sentiet
530 2245 578 2306 ipse
588 2242 676 2289 Thetin.

181 2307 246 2356 Inter
257 2308 355 2355 Baianas
366 2316 441 2370 ruptus
451 2323 507 2371 puer
518 2309 600 2354 occidit
609 2308 681 2353 undae

214 2372 340 2432 Eutychus,
352 2373 389 2418 ille
399 2380 470 2428 tuum,
484 2371 592 2427 Contriee,
604 2371 669 2417 dulce
680 2371 747 2416 lutus.

183 2435 232 2482 Hic
243 2437 281 2481 tibi
293 2451 396 2499 curarum
408 2439 488 2491 eonius,
500 2437 649 2496 blandumque
661 2436 771 2489 levamen,

123 2520 125 2524 ·
215 2499 262 2545 llic
273 2513 342 2554 emor,
354 2502 390 2546 hic
402 2502 473 2548 nostri
483 2503 542 2548 vetis
553 2501 634 2549 Alexio
644 2506 699 2546 eret.

109 2587 112 2596 ι
182 2562 300 2622 Numquid
310 2570 333 2610 te
344 2565 421 2611 vitreis
432 2567 517 2613 nudum
528 2566 612 2612 lascive
622 2566 663 2610 nub
674 2563 740 2610 undis

214 2625 285 2683 Vidit,
296 2635 320 2675 et
331 2627 419 2676 Aloidae
430 2631 529 2694 nymphe
539 2629 625 2677 renunt
636 2627 740 2690 Hylam?
