1916 2918
104 103 108 112 ’
154 116 202 160 222
280 149 282 154 .
379 112 581 168 'MARTIALIS

312 339 315 354 .
353 311 391 356 16.
406 309 446 356 Do
458 311 533 357 ctos.

129 477 130 480 ,
161 434 278 498 Inscripsit
288 437 375 484 tumulo
386 439 595 501 septem·celebrsts
606 413 705 488 virorum

190 502 224 562 ‚Se
234 501 314 548 fecisse
326 500 407 550 Cblc'e‘.
427 503 490 558 Quid
500 511 554 564 pote
565 505 706 567 simplicius?

356 635 392 679 17.
409 633 449 680 De
462 632 532 680 Comd
543 632 642 707 Earinir

162 760 289 812 Consilium
299 763 379 810 formae
390 763 512 825 speculum,
520 760 645 825 ‘dulcesque
656 765 755 828 capillos,

194 827 321 890 Pergameo
332 831 407 890 posuit
417 829 476 875 dons
487 835 573 876 sacrata
584 829 644 884 Deo,

161 889 205 938 Ille
215 909 271 954 puer
281 891 330 940 tott
340 894 430 941 domino
441 894 582 954 gratissimus
593 893 651 948 null,

193 957 295 1004 Nomine
304 961 341 1018 qui
354 959 429 1020 signat
438 966 540 1020 tempora
549 974 619 1005 verns
630 975 679 1007 suo.

161 1021 234 1078 Felix,
246 1037 297 1084 quae
308 1024 346 1069 tali
358 1029 463 1070 censetur
472 1039 565 1069 munere
576 1024 657 1072 tellus!

194 1087 247 1135 Nec
259 1087 418 1149 Ganymedeas
429 1087 505 1134 mullet
516 1088 596 1136 babere
607 1104 690 1137 comas.

292 1284 329 1328 18.
345 1283 385 1328 Dc
394 1277 480 1338 eodem,
492 1283 524 1328 od
535 1246 710 1344 Esculopium.

161 1407 258 1457 Lutonae
269 1411 396 1458 venerande
407 1426 484 1472 nepos,
495 1410 533 1470 qui
544 1410 634 1457 mitibus
644 1411 718 1457 herbis

195 1474 317 1522 Parcarum
328 1490 407 1522 exoras
417 1490 493 1536 pensa,
504 1475 628 1534 brevesque
636 1475 700 1524 colos
706 1491 714 1532 3
792 1479 795 1492 ¹

162 1537 216 1586 Hos
227 1541 273 1595 tibi,
283 1540 386 1586 laudatos
397 1540 495 1593 domino,
507 1553 548 1586 sus
558 1547 617 1594 vota,
630 1540 723 1602 capillos

192 1602 237 1651 Ille
247 1612 300 1652 tuus
311 1602 378 1650 Laut
388 1605 448 1650 misit
459 1605 487 1649 sb
498 1605 551 1650 urbe
562 1619 625 1664 puer.

160 1668 255 1718 Addidit
265 1678 289 1718 et
298 1670 392 1716 nitidum
404 1670 495 1716 sucrstis
505 1669 604 1716 crinibus
614 1669 698 1726 orbem,

196 1733 251 1788 Quo
261 1734 316 1781 felix
326 1734 394 1780 facies
400 1735 477 1796 judice
488 1741 536 1780 tots
546 1733 595 1780 suit

160 1797 199 1846 Tu
205 1799 307 1860 juvenile
317 1800 385 1845 decus
396 1812 467 1850 servs,
478 1813 507 1844 ne
516 1799 631 1859 pulchrior
640 1799 678 1846 ille

193 1861 304 1927 lu'longd
314 1863 388 1919 luen't,
399 1878 466 1924 quam
476 1863 584 1919 breviore,
595 1862 666 1911 comis.

290 1997 329 2042 19.
345 1995 386 2040 Ad
399 1997 514 2042 Caesarem
524 1993 700 2040 Domitianum.

161 2128 207 2176 Est
217 2127 278 2182 mihi,
287 2127 366 2188 sitque,
374 2141 460 2188 precor,
469 2125 570 2188 longum,
582 2131 605 2171 te
613 2126 714 2188 praeside,
724 2124 812 2184 Caessr,

194 2193 244 2239 Rus
255 2193 388 2248 minimum
405 2192 467 2252 parvi
478 2202 531 2236 sunt
542 2191 599 2236 etin
611 2191 665 2238 urbe
674 2191 740 2239 lam.

160 2257 206 2305 Sed
217 2258 245 2303 de
255 2257 314 2303 valle
324 2256 393 2310 brevi,
404 2271 460 2316 quus
470 2255 508 2301 det
519 2253 645 2302 sitientibus
655 2256 732 2310 hortis,

165 2351 169 2360 ι
194 2319 271 2370 Curva
282 2321 391 2367 laboratus
402 2321 472 2366 sntlis
481 2320 540 2366 tollit
550 2334 626 2378 squas.
673 2343 675 2348 v

160 2386 227 2433 Sicca
237 2385 317 2431 domus
328 2385 428 2444 queritur
438 2385 500 2430 nullo
512 2399 536 2430 sc
547 2399 597 2430 rore
606 2383 685 2440 foveri,

165 2479 168 2492 .
191 2447 253 2495 Cum
264 2450 318 2496 mihi
328 2449 403 2494 vicino
412 2449 497 2496 Martia
506 2447 570 2495 fonte
581 2455 653 2495 sonet.

159 2513 236 2567 Qum
247 2513 334 2558 dederis
345 2514 433 2568 uostris,
446 2513 559 2575 Auguste,
570 2515 687 2574 penatibus
698 2517 791 2574 undam,

192 2575 289 2626 Castalis
300 2578 349 2624 baec
360 2579 431 2634 nobis,
442 2585 481 2626 sut
491 2577 558 2627 Jovis
568 2578 639 2626 imber
649 2579 700 2626 en't.
