1922 2916
160 62 227 139 ποθ’
395 89 589 163 Mnnvmprs

384 288 423 332 57.
440 285 478 332 Da
490 287 594 333 Picente.

162 414 222 462 Tres
233 414 309 460 habuit
319 413 408 468 (lentes,¹
416 414 499 476 pariter
509 429 565 474 quos
577 415 665 476 exspuit
676 429 761 470 omnes,

195 478 355 524 nummulum
368 479 514 538 Picentium
527 479 589 525 sedet
600 480 647 540 ipsc
659 495 723 526 uum
733 496 741 536 3

165 541 309 604 Collegitque
321 544 371 589 sinu
382 543 510 606 fragmenta
521 545 643 597 novissima
653 545 699 590 laxi

198 607 258 662 Oris,
270 615 293 654 et
303 607 399 669 aggesti
410 609 574 654 contumulavit
584 609 660 654 humo.

167 672 227 720 Osaa
237 673 290 718 licet
300 673 412 732 quondam
423 671 522 719 defuncti
533 689 580 719 non
590 673 653 734 legat
663 674 751 731 lroeres3‘

199 735 253 783 Hoc
264 737 305 784 sibi
311 739 360 800 jam
373 737 455 784 Picena
462 738 568 799 praeatitit
578 738 684 786 officium.

332 881 335 890 ·
357 869 396 914 sc.
410 848 445 913 '122
457 867 639 914 Artemidorum.

167 994 228 1044 Cum
238 995 278 1041 tibi
288 1002 334 1042 tam
343 1011 425 1043 crassae
437 996 489 1050 sint,
502 978 651 1050 Artemidoro,
663 995 766 1052 laeemae.

200 1059 289 1108 Possim
302 1068 325 1107 te
337 1060 448 1122 sagarum
455 1062 508 1124 jure
519 1075 601 1108 vocare
612 1076 670 1108 meo.

329 1192 371 1236 59.
384 1191 416 1236 In
427 1190 518 1236 luccam
531 1190 629 1236 Furem.

172 1318 277 1380 Adspicis
288 1320 348 1366 hunc
358 1333 404 1365 uno
416 1325 546 1366 contentum
557 1318 649 1372 lumine,
661 1320 724 1382 cujus

138 1397 139 1402 ¹
205 1383 279 1445 Lippa
289 1385 330 1429 cub
341 1383 418 1430 attriti
427 1385 502 1430 fronte
512 1385 592 1430 lacuna
602 1383 683 1446 patet?

172 1447 211 1495 Ne
222 1455 341 1495 contemne
352 1456 432 1510 caput:
447 1449 503 1494 nihil
513 1457 548 1494 eat
557 1447 656 1494 furacius
666 1448 719 1494 illo:

133 1521 134 1525 ’
204 1512 260 1559 Νοιι
270 1513 314 1560 fuit
325 1513 433 1574 Autolyci
444 1520 491 1560 tam
502 1514 590 1576 piceata
600 1527 688 1560 manua.

174 1576 246 1625 Hunc
256 1585 282 1624 tu
293 1579 412 1625 convivam
423 1585 502 1624 cautua
513 1593 602 1624 servare
612 1583 737 1624 memento:

205 1641 273 1688 Tunc
283 1642 344 1697 furit,
357 1651 423 1704 atque
434 1643 500 1689 oculo
510 1644 587 1688 luscus
598 1649 693 1703 utroque
703 1641 772 1688 videt.

174 1706 262 1754 Pocula·
269 1708 358 1754 solliciti
368 1707 465 1768 perdunt
475 1708 600 1769 ligulasque
611 1707 723 1764 ministri3

207 1770 241 1818 Et
248 1772 308 1833 latet
318 1773 342 1817 in
353 1773 427 1833 tepido
437 1772 535 1832 plurima
545 1787 628 1833 mappa
639 1773 697 1818 sinu.

174 1835 251 1898 Lapsa
261 1851 302 1882 nec
313 1851 327 1883 a
338 1837 412 1882 cubito
422 1836 545 1882 subducere
554 1836 622 1896 pallia
632 1836 716 1893 nescit;

208 1899 242 1948 Et
252 1907 326 1947 tectus
336 1900 401 1946 laenis
412 1915 472 1962 aaepe
483 1900 567 1946 duabus
578 1900 630 1946 abit.

174 1965 227 2013 Nec
238 1965 395 2012 dormitantem
406 1979 499 2011 vernam
510 1965 613 2027 fraudare
623 1961 717 2010 lucenti

209 2029 307 2076 Erubuit
316 2028 392 2084 fallax,
404 2030 480 2076 ardeat
490 2030 529 2074 illa
539 2029 598 2076 licet

178 2095 203 2142 si
214 2095 269 2140 nihil
279 2095 368 2149 invasit,
396 2105 474 2140 uerum
485 2101 539 2140 tunc
551 2100 599 2142 arte
610 2091 689 2140 dolosi
777 2125 779 2130 ·
837 2103 840 2108 “

211 2160 305 2215 Circuit,
317 2167 340 2206 et
351 2110 423 2206 eoliae
435 2159 527 2221 surripit
537 2159 585 2220 ipae
597 2173 657 2206 suas.

362 2263 410 2336 ¹60.
426 2291 458 2337 In
472 2289 607 2338 Claudiam.
668 2321 669 2325 =

180 2415 275 2463 Summa
286 2416 384 2463 Palatini
394 2425 484 2480 poteras
495 2433 585 2480 {equare
597 2415 694 2472 Colossi,

213 2481 239 2528 st
248 2480 315 2529 fieren
325 2483 421 2539 brevior,
434 2481 537 2540 Claudia,
549 2483 712 2548 sesquipedem.
731 2531 733 2536 ,
