1924 2912
396 85 590 138 MARTIALIS

358 279 411 324 ur.
429 280 460 325 n
472 261 600 326 sanarum.

166 403 305 452 Circumlata
315 406 353 452 diu
365 407 448 452 mensis
460 406 558 452 scriblita
569 405 673 452 secundis

198 469 284 516 Urebat
295 471 365 516 nimio
378 486 439 516 saeva
450 471 524 516 calore
535 486 633 528 manus;

166 534 212 582 Sed
223 535 297 596 magis
308 536 398 581 ardebat
410 535 485 582 Sabidi
496 536 561 598 gula:
582 536 684 597 protinus
696 549 751 598 ergo

195 598 300 646 Sufflavit
309 601 385 646 buccis
396 607 475 660 terque
486 608 608 661 quaterque
620 600 673 647 suis.
942 578 946 659 i

163 661 207 710 Illa
218 664 308 724 quidem
319 665 396 726 tepuit,
409 665 536 728 digitosque
546 666 664 712 admittere
674 667 723 712 visa
734 672 785 712 est-z

198 729 243 776 Sed
254 745 322 776 nemo
332 731 406 792 potuit
417 737 524 792 tangere:
544 732 622 778 merda
633 730 682 777 luit

376 864 413 908 18.
430 863 461 908 In
474 863 615 910 Maximum.

167 989 301 1038 Perfrixisse
311 997 361 1037 tuas
372 997 451 1052 questa
462 999 497 1038 est
507 989 610 1053 praefatio
622 991 705 1038 fauces.

45 1121 48 1129 1
103 1082 106 1093 ·
180 1084 182 1094 ι
199 1053 260 1103 Cum
272 1063 295 1102 te
306 1055 427 1111 excushris,
441 1052 549 1110 Maxime,
562 1057 615 1116 quid
626 1055 725 1138 recitas}

311 1191 348 1236 19.
365 1187 405 1233 Dc
421 1185 503 1248 Vqrerri
516 1189 542 1234 in
554 1203 592 1234 ore
610 1188 683 1234 Ursae.

170 1316 279 1364 Ptoxima
289 1317 392 1364 centenis
401 1317 527 1365 ostenditur
539 1333 591 1364 ursa
602 1317 719 1371 columnis,

198 1381 319 1430 Exornant
329 1381 389 1428 iictae
400 1397 444 1443 qua
454 1383 575 1444 platanona
585 1381 649 1428 ferae.
759 1378 761 1384 ‘

99 1443 101 1448 ’
169 1445 247 1508 Hujus
258 1446 311 1492 dum
323 1447 411 1507 patulos
422 1447 523 1494 alludens
535 1454 606 1494 tentat
617 1447 693 1493 hiatus

199 1509 298 1557 Pulcher
309 1510 390 1572 Hylas,
402 1519 502 1558 teneram
514 1513 592 1558 mersit
602 1512 625 1556 in
637 1527 677 1558 ora
687 1525 788 1558 manum.

169 1574 255 1638 Vipera
266 1578 305 1623 sed
316 1592 378 1623 caeco
389 1577 497 1624 scelerata
506 1577 589 1624 latebat
599 1577 623 1622 in
634 1591 679 1632 ore,

201 1634 341 1701 Vivebatque
352 1639 427 1687 animi
438 1641 548 1688 deteriore
558 1640 614 1688 fera.

171 1705 227 1752 Non
239 1707 309 1752 sensit
319 1722 374 1767 puer
385 1721 435 1752 esse
446 1706 516 1760 dolos,
528 1705 571 1752 nisi
582 1706 649 1752 dente
660 1711 763 1766 recepto·

200 1769 266 1818 Dum
276 1771 341 1833 perit.
369 1769 390 1817 0
401 1769 495 1826 facinus,
506 1770 564 1818 falsa
574 1771 635 1832 quod
645 1785 697 1818 ursa
707 1768 763 1818 luit!

379 1901 418 1945 20.
433 1899 472 1948 De
486 1901 566 1948 Canio.

201 2026 256 2082 Dic,
269 2027 345 2083 Musa,
357 2029 410 2089 quid
422 2036 475 2090 agat
487 2027 573 2077 Canius
584 2044 648 2076 meus
660 2025 755 2076 Rufus?

205 2091 321 2139 Utrumne
333 2094 415 2140 chartis
427 2095 494 2140 tradit
506 2095 543 2140 ille
554 2095 647 2142 victuris

203 2156 313 2219 Legenda
324 2166 450 2220 temporum
462 2165 511 2206 acta
523 2155 719 2206 Claudianorum?

205 2222 244 2268 An
256 2235 307 2283 quae
319 2222 407 2270 Neroni
418 2223 487 2270 falsus
499 2225 593 2270 adstruit
605 2221 715 2286 scriptor?

205 2287 244 2332 An
256 2287 373 2334 aemulatur
384 2289 551 2350 improbijoeos
563 2287 672 2335 Phaedri?

206 2349 318 2398 Lascivus
329 2353 407 2414 elegis,
419 2369 448 2398 an
460 2357 552 2400 severus
563 2351 655 2400 herois?

206 2415 246 2461 An
257 2415 280 2461 in
292 2417 408 2464 cothurnis
420 2418 521 2464 horridus
534 2415 684 2480 Sophocleis?

206 2480 247 2525 An
258 2480 344 2526 otiosus
354 2482 378 2527 in
390 2481 466 2528 scholi
476 2483 593 2543 po'etarum

208 2539 299 2604 Lepoie
310 2545 392 2592 tinctos
404 2547 482 2592 Attico
494 2548 552 2594 sales
563 2545 653 2594 narrat?

207 2606 271 2654 Hinc
282 2609 301 2655 si
313 2611 410 2666 recessit,
422 2611 533 2674 porticum
545 2612 597 2660 terit
608 2609 691 2672 templi,
