1916 2918
162 119 214 163 tio
392 109 587 163 MARTIALIS

224 243 263 292 Tu
273 243 343 297 nobis,
356 241 431 304 Clyte,
438 245 486 306 Jam
498 259 568 292 senex
577 243 667 292 videris.

223 309 283 356 Tam
293 309 378 355 multos
386 311 435 370 quis
446 311 506 354 enirn
517 309 587 355 fuisse
596 311 673 356 eredat

223 374 318 421 Natales
330 372 449 428 Priamive,
461 373 611 420 Nestorisue?

148 475 150 483 .
225 439 261 486 stt
271 438 361 484 tandem
372 439 450 500 pudor,
462 445 485 484 et
495 439 575 484 modus
586 439 676 500 rapinis.

226 503 295 557 Quod
306 503 325 549 si
335 503 394 548 ludis
404 504 483 558 adhuc,
495 503 608 564 semelque
619 504 681 550 nasci

229 567 284 614 Uno
291 569 339 630 jam
351 568 393 613 tibi
402 583 448 613 non
460 573 494 612 sat
505 574 539 612 est
549 569 572 613 in
584 583 660 624 anno;

226 631 313 680 Natum
325 639 354 688 te,
367 630 443 693 Clyte,
455 647 496 678 nec
508 633 577 678 semel
587 634 677 694 putabo.

283 791 287 798 ι
354 765 395 811 65:
410 763 450 808 Ad
461 763 636 810 Domitianum.

162 896 217 952 Hic,
229 897 265 944 ubi
277 889 386 943 Fortunae
397 895 497 942 Reducis
507 895 618 958 fulgentia
628 895 674 942 late

193 961 290 1023 Temple
301 961 379 1016 nitent,
388 961 442 1006 felix
453 975 503 1006 area
514 976 585 1022 nuper
596 967 658 1006 erat:

96 1075 98 1082 ,
163 1025 212 1073 Hic
223 1027 291 1079 stetit,
304 1026 383 1072 Arctoi
394 1025 506 1071 formosus
516 1027 608 1086 pulvere
618 1024 677 1079 belli,

195 1091 335 1152 Purpureum
347 1089 442 1136 lundens
455 1088 533 1136 Caesar
544 1091 571 1135 ab
582 1105 621 1136 ore
627 1091 707 1152 jubar:

165 1153 212 1202 Hie
223 1156 286 1201 lauro
297 1155 398 1200 redimita
410 1169 491 1207 eomas,
504 1161 526 1200 et
537 1155 631 1200 candida
642 1153 710 1208 cultu,

194 1219 270 1266 Roma
281 1219 386 1265 salutavit
397 1235 452 1265 voce
463 1233 574 1278 manuque
585 1220 672 1266 ducem.
725 1241 727 1246 v
783 1241 786 1248 v

165 1285 258 1333 Grande
269 1284 312 1329 loci
323 1285 427 1328 meritum
439 1291 549 1328 testantur
560 1290 583 1328 et
593 1284 663 1330 altera
674 1283 746 1330 dona:

196 1349 246 1396 sut
257 1363 319 1394 sacer
329 1348 432 1393 edomitis
443 1348 547 1408 gentibus
558 1363 624 1394 arcus
634 1363 711 1395 ovans.

163 1411 211 1460 Hie
226 1413 311 1474 gemini
323 1427 401 1458 currus
412 1420 532 1458 numerant
542 1413 660 1474 elephanta
669 1412 823 1474 frequentem:

195 1477 283 1524 Sufficit
292 1477 408 1524 immensis
418 1492 497 1522 aureus
508 1478 556 1538 ipse
562 1479 633 1540 jugis

162 1541 224 1593 Haec
234 1548 270 1589 est
281 1541 349 1606 digna
359 1543 410 1595 tuis,
423 1543 565 1596 Germanice,
576 1550 641 1604 porta
651 1539 782 1605 triumphis:

197 1607 250 1656 Hos
261 1608 334 1654 aditus
344 1608 421 1654 urbem
433 1606 516 1654 Martis
524 1608 605 1654 habere
615 1608 686 1655 decet.

355 1744 394 1786 66.
409 1739 449 1786 De
461 1739 589 1786 Conndatu
600 1739 660 1786 tilii.

228 1871 336 1934 Auguste
347 1871 384 1932 pia
394 1872 465 1925 thura,
477 1871 625 1931 victimasque

229 1935 276 1981 Pro
287 1941 365 1982 nostre
376 1937 427 1982 date
439 1935 500 1990 silio,
513 1934 639 1983 Camoenae.

228 1999 271 2048 Bis
282 2013 348 2062 senqs
354 2001 420 2061 jubet
430 2015 459 2046 en
470 2001 542 2046 redire
551 1999 624 2046 fasces
643 2048 646 2054 ,

230 2063 293 2111 Nato
304 2065 403 2118 consule,
415 2065 526 2124 nobilique
536 2063 602 2126 virgd

230 2128 298 2176 Vatis
310 2125 433 2188 Castaliam
445 2129 536 2174 domum
548 2143 634 2176 sonare.

226 2193 314 2242 Rerum
326 2194 398 2254 prima
406 2193 465 2238 salus
476 2201 499 2239 et
510 2208 560 2248 uns,
573 2191 659 2248 Caesar,

229 2257 343 2306 Gaudenti
355 2263 455 2318 superest
466 2258 538 2304 adhue
548 2258 609 2317 quod
620 2264 682 2320 optet

228 2321 296 2369 Felix
305 2335 409 2383 purpura,
420 2323 542 2392 tertiusque
553 2323 639 2370 consul.

229 2385 338 2446 Pompeio
350 2386 435 2432 dederit
444 2385 497 2445 lieet
508 2392 605 2440 senatus,

229 2449 263 2496 Et
275 2447 354 2496 Caesar
363 2465 448 2512 genero
460 2465 535 2496 sacros
545 2451 648 2506 honores,

232 2512 336 2566 Quorum
346 2513 452 2574 pacificus
463 2521 498 2560 ter
508 2515 623 2576 ampliavit

230 2575 303 2624 Janus
314 2577 421 2634 nominu;
440 2578 508 2624 Silius
518 2579 646 2638 frequentes

197 2683 200 2688 ,
230 2639 323 2687 Mavult
332 2641 365 2687 sic
375 2655 493 2696 numerare
503 2641 638 2690 consulatus.
