1922 2916
230 107 526 159 EPIGRAMMATUM
542 109 595 160 Las.
606 111 666 163 VII.
732 119 779 166 tas

192 301 231 349 9⁷.
248 301 288 350 Aa
299 300 401 348 Librum
411 315 488 356 mum,
499 303 528 349 de
537 303 608 351 Coesio
617 305 708 353 Sabino.

182 427 251 475 Nosti
262 430 279 475 si
290 431 347 477 bene
360 428 466 485 Caerium,
478 432 558 487 libelle,

182 493 302 540 Montanos
312 495 380 541 decus
394 495 500 550 Umbriae,
512 497 626 554 Sabinum,

89 569 93 579 ¹
181 557 236 604 Auli
247 559 382 620 municipem
393 559 437 604 mci
450 560 564 616 Pudentis,

183 619 219 668 Ilii
231 629 256 668 tu
267 623 328 670 dabis
340 625 395 678 haec,
409 625 445 670 vel
456 635 572 688 occupato.

184 685 272 734 Instent
283 689 344 734 mille
355 689 408 734 licet
418 697 564 750 prnantque
574 705 642 748 eurae,

185 750 278 798 Nostris
289 754 422 799 carminibus
434 762 507 800 tamen
519 757 617 804 vacabit:

182 815 247 862 Nam
256 831 293 863 ms
304 818 377 880 diligit
388 818 431 872 ille,
443 820 615 880 proximumque

182 879 255 926 Turni
266 882 375 928 nobilibus
385 883 446 943 leget
457 883 544 930 libellis.

185 944 207 991 0
218 954 326 1006 quantum
338 947 392 992 mihi
403 949 500 994 nominis
511 948 615 1009 paratur!

81 1043 90 1060 ,
183 1008 205 1055 O
217 1025 267 1070 quae
278 1010 364 1072 gloria!
383 1026 448 1070 quam
459 1011 566 1072 frequens
577 1014 676 1063 amator!

183 1072 219 1120 Te
230 1076 339 1128 convivia,
352 1083 375 1120 te
385 1075 459 1124 forum
470 1078 564 1132 sonabit,
651 1131 654 1138 Ι

182 1137 262 1192 AEdes,
274 1139 376 1200 compita,
387 1142 492 1202 porticus,
504 1144 609 1190 tabernae.

183 1201 232 1249 Uni
243 1204 351 1261 mitteria;
368 1206 470 1251 omnibus
481 1205 573 1268 legeris.

258 1367 261 1372 -
313 1338 351 1382 98.
368 1337 551 1389 Admotum,
609 1299 613 1314 ⁸

118 1461 208 1520 Omnia,
221 1460 310 1519 Castor,
322 1467 390 1512 emis:
411 1467 442 1512 sic
454 1465 498 1522 fiet,
511 1476 536 1514 ut
547 1467 622 1514 omnia
633 1467 724 1514 vendas.

313 1598 351 1642 99.
369 1593 408 1640 Aa
422 1597 564 1656 Crispinum.

120 1722 159 1770 Sic
170 1721 280 1784 placidum
292 1723 367 1770 videas
379 1739 471 1785 semper,
484 1721 596 1787 crispine,
608 1723 751 1784 Tonantem

153 1785 205 1832 Nec
216 1794 239 1832 tc
251 1786 326 1834 Roma
337 1789 418 1842 minus,
430 1805 496 1848 quam
508 1797 547 1836 tua
557 1789 680 1852 Memphis,
692 1801 763 1839 amet:

121 1851 230 1900 Carmina
241 1850 359 1898 Parrhasii
371 1854 388 1898 si
401 1861 477 1900 nostra
488 1855 591 1918 legentur
602 1855 626 1900 in
637 1853 688 1902 suli
694 1874 703 1917 ς

135 1913 138 1920 ’
154 1915 271 1979 (Namque
282 1917 355 1963 solent
366 1916 428 1964 sacris
439 1917 538 1966 Caesaris
549 1935 603 1966 aure
613 1918 668 1980 frui)

119 1981 207 2028 Dicere
218 1981 245 2028 de
256 1983 326 2036 nobis,
339 1989 365 2027 ut
374 1983 447 2028 lector
458 1985 571 2040 candidus,
584 1983 655 2031 aude:

153 2043 301 2106 Temporibus
312 2045 403 2108 praestat
416 2063 461 2094 non
473 2049 528 2094 nihil
539 2051 581 2095 iste
592 2050 636 2095 tuis
646 2067 653 2106 ς

120 2110 173 2157 Nec
185 2109 265 2157 Marso
277 2112 370 2158 nimium
381 2112 454 2164 minor
466 2122 506 2168 est,
519 2115 629 2174 doctoque
641 2112 740 2162 Catullo.

154 2174 209 2222 Hoc
221 2175 274 2222 satis
286 2183 334 2222 est:
353 2177 395 2238 ipsi
407 2185 489 2224 caetera
502 2179 584 2225 mando
597 2177 658 2225 Deo.

315 2306 368 2350 100.
386 2305 425 2350 Aa
437 2307 571 2353 Ponticum.

120 2431 224 2485 Pontice,
235 2447 276 2493 per
287 2447 353 2494 reges
364 2433 474 2487 discurris,
487 2441 510 2480 et
519 2434 594 2480 omnia
604 2434 701 2479 lustras:

149 2495 238 2558 Magna
244 2498 333 2558 quidem
342 2499 453 2559 sequeris,
463 2497 564 2552 Pontice,
572 2513 668 2559 magnus
677 2499 744 2543 horno
751 2511 784 2544 es.

119 2561 225 2616 Pontice,
237 2562 302 2622 siqua
311 2561 373 2618 facis,
385 2563 434 2609 sine
445 2573 502 2610 teste
513 2562 575 2616 sacis,
587 2563 635 2609 sine
646 2561 726 2608 turbt:

152 2625 207 2674 Non
219 2627 310 2674 adhibes
321 2628 419 2686 multos3
433 2625 535 2685 Pontice,
547 2635 625 2674 cautus
636 2627 704 2673 homo
715 2641 747 2672 es.
