1922 2916
174 140 222 190 ιιι
298 124 339 190 ff
412 135 602 186 maenianis

206 264 253 312 Hic
263 280 333 328 prope
343 271 377 314 ter
388 281 453 313 senas
464 267 520 315 vidit
531 267 684 330 Olympiadas.

173 329 219 379 Sed
228 330 338 394 festinatis
348 335 436 392 raptum
447 331 487 378 tibi
497 333 590 380 credidit
601 334 672 388 annis,

204 396 316 458 Adspexit
326 396 437 457 lacrymas
445 397 551 458 quisquis,
563 396 666 454 Etrusca,
678 405 736 444 tuas.

190 505 201 528 ⁴
224 485 229 496 ι
283 527 322 570 41.
339 525 379 572 Aa
390 527 552 586 Sempronium
567 528 679 574 Tuccam.

172 653 291 704 Cosmicos
302 671 352 702 esse
362 657 408 712 tibi,
422 657 540 719 Semproni
550 657 634 714 Tucca,
646 658 749 705 videris:-

206 717 318 776 Coamica,
331 721 456 784 Semproni,
468 729 514 768 tam
526 723 591 778 mala,
603 739 670 784 quam
680 724 739 770 bona
750 728 810 771 sunt.

363 857 402 900 42.
419 855 459 900 Au
471 854 610 902 Castricum.

172 979 306 1028 Muneribus
317 982 392 1043 cupiat
404 981 473 1043 siquis
484 983 618 1029 contendere
629 991 711 1039 tecum,

204 1046 296 1092 Audeat
302 1047 342 1092 lric
353 1047 427 1100 etiam,
440 1045 549 1101 castrice,
561 1049 703 1094 carminilaus.

173 1108 224 1156 Nos
236 1117 315 1157 tenues
326 1111 350 1156 in
361 1119 456 1172 utroque
467 1127 550 1166 sumus,
562 1113 666 1173 vincique
676 1113 761 1174 parati:

205 1172 262 1220 Inde
273 1191 340 1236 sopor
350 1176 420 1230 nobis,
432 1181 455 1221 et
465 1177 539 1236 placet
550 1176 594 1222 alta
605 1179 675 1236 quies.

68 1289 70 1300 Ι
173 1237 231 1285 Tam
243 1239 302 1285 mala
312 1255 351 1285 cur
362 1240 431 1300 igitur
441 1241 539 1286 dederim
549 1241 589 1286 tibi
600 1243 704 1297 carmina,
716 1239 815 1303 quaeris?

125 1317 129 1325 ¹
203 1303 303 1350 Alcinoo
314 1303 400 1349 nullum
410 1319 477 1366 poma
488 1305 575 1352 dedisse
585 1306 670 1367 putas?

329 1403 331 1409 .
363 1436 401 1479 43.
418 1436 451 1480 Ira
464 1435 575 1480 Cinnam.

172 1559 273 1608 Primum
285 1568 326 1617 est,
338 1568 364 1607 ut
374 1568 474 1623 praestes,
486 1561 557 1623 siquid
568 1569 597 1616 tc,
610 1559 690 1616 Cinna,
703 1563 801 1624 rogabo:

204 1623 264 1672 Illud
275 1627 355 1674 deinde
366 1641 467 1687 sequens,
480 1633 505 1672 ut
516 1628 567 1680 cito,
581 1625 661 1681 Cinna,
673 1642 750 1688 neges.

171 1687 253 1753 Diligo
263 1697 407 1752 praestantem
414 1709 422 1748 ;
440 1706 491 1738 non
498 1689 541 1744 odi,
554 1689 635 1745 Cinna,
647 1699 784 1752 negantem:

205 1754 249 1802 Sed
260 1762 285 1802 tu
296 1771 338 1802 nac
348 1763 449 1818 praestas,
461 1771 504 1802 nec
515 1756 567 1810 cito,
581 1753 661 1810 Cinna,
673 1771 751 1818 negas.

179 1886 218 1928 44.
234 1883 274 1930 De
285 1885 393 1944 Imagines
404 1885 504 1931 Marini
515 1886 622 1943 Coesom'r',
634 1887 665 1932 aa
680 1886 706 1937 0,
717 1885 833 1932 ovidium.

77 2065 80 2070 Ι
172 2009 289 2058 Maximus
300 2011 338 2058 ille
348 2019 406 2068 tuus,
419 2013 493 2067 Ovidi,
507 2012 626 2061 Caesonius
636 2013 673 2059 hic
684 2019 725 2068 est,

204 2073 275 2138 Cujus
286 2077 357 2123 adhuc
368 2078 456 2124 vultum
467 2079 542 2124 vivida
553 2093 605 2124 cera
615 2084 683 2124 tenet.

172 2137 243 2186 Hune
254 2139 318 2188 Nero
329 2142 457 2189 damnavit:
477 2143 516 2189 sed
527 2150 552 2189 tu
563 2143 669 2190 damnare
679 2140 797 2188 Neronem

205 2204 283 2252 Ausus
294 2221 326 2260 es,
337 2214 361 2252 et
370 2207 467 2268 profugi,
480 2222 526 2253 non
537 2215 581 2262 tua,
593 2206 640 2253 fata
651 2206 721 2266 sa'qui.

171 2266 274 2327 AEquora
283 2285 323 2330 per
335 2270 417 2331 Scyllas
428 2285 524 2332 magnus
533 2287 608 2318 comes
618 2271 702 2318 exsulis
712 2270 757 2326 isti,

205 2331 252 2384 Qui
262 2333 329 2380 modo
340 2335 444 2382 nolueras
455 2337 553 2382 consulis
563 2337 596 2382 ire
606 2351 690 2382 comes.

173 2394 198 2442 si
208 2396 295 2442 victura
305 2399 361 2444 meis
371 2400 505 2446 mandantur
515 2400 606 2446 nomina
616 2399 705 2460 chartis,
804 2437 807 2440 -

36 2435 62 2464 ¹.
138 2510 140 2514 ,
204 2456 408 2509 Etfasestcineri
418 2479 456 2510 me
467 2479 582 2525 superesse
592 2478 660 2520 meo;

172 2520 256 2567 Audiet
266 2524 309 2572 lanc
319 2540 425 2586 presens,
436 2530 574 2589 venturaque
583 2529 655 2584 turba,
665 2526 735 2575 fuisse

203 2583 240 2631 Illi
252 2593 280 2644 te,
291 2587 386 2636 Senecae
397 2592 456 2651 quod
465 2591 509 2638 suit
518 2591 556 2640 ille
567 2600 614 2640 auo.
