1922 2916
242 135 536 187 EPIGRAMMATUM
553 137 606 186 Lu.
617 137 690 186 VIII.
748 141 793 187 201

261 335 302 382 35.
318 331 349 380 In
356 334 466 393 perdam
478 333 597 396 conjuges.
679 400 682 406 Ι

199 461 259 512 Cum
272 463 319 510 sitis
330 463 420 516 similes,
432 477 540 524 paresque
550 461 604 518 viti,

200 525 268 574 Uxor
277 527 381 590 pessima,
394 529 503 589 pessimus
514 528 622 584 maritus3

200 590 281 648 Miror,
293 607 340 639 non
350 593 408 638 bene
418 591 539 638 convenire
549 592 620 638 vobis.

224 775 227 785 Ι
262 723 303 766 56.
320 720 360 766 Au
372 721 487 766 Coerarem
498 719 670 766 Domitianum.

137 847 214 910 Regia
223 849 370 914 pyramidum,
383 847 469 902 Caesar,
480 847 587 894 miracula
598 846 656 892 ride:

170 913 224 962 Jam
236 922 295 960 tacet
306 913 382 960 Eoum
393 915 484 958 barbara
495 912 611 974 Memphis
622 925 687 972 opus.

139 969 197 1025 Pars
208 986 277 1038 quota
289 977 414 1024 Parrhasiae
424 978 486 1023 labor
497 985 532 1023 est
543 977 683 1023 Mareoticus
693 973 768 1022 aulae?

175 1039 264 1089 Clarius
274 1045 300 1088 in·
309 1050 358 1088 toto
370 1043 401 1088 nil
412 1043 473 1089 videt
484 1043 537 1088 orbe
548 1042 602 1087 dies.

141 1109 252 1169 Septenos
263 1109 345 1169 pariter
356 1108 432 1153 credas
444 1121 561 1168 assurgere
571 1111 671 1152 montes:

175 1171 330 1219 Thessalicum
340 1173 429 1218 brevior
441 1169 521 1217 Pelion
533 1170 592 1216 Ossa
602 1170 660 1216 tulit.

142 1235 240 1284 AEthera
251 1238 283 1282 sio
294 1237 367 1291 intrat,
381 1237 456 1282 nitidis
467 1244 492 1282 ut
503 1236 606 1282 conditus
617 1235 683 1280 astris

176 1299 286 1347 Inferiore
297 1309 360 1347 tonet
371 1301 429 1346 nube
441 1315 532 1346 serenus
544 1314 617 1360 apex;

142 1363 177 1414 Et
188 1367 248 1426 prius
258 1381 340 1412 arcano
352 1366 444 1411 satietur
453 1365 538 1410 lumine
550 1364 637 1418 Phoebi,

177 1429 300 1476 Nascentis
313 1428 379 1477 Circe
390 1445 456 1490 quarn
468 1429 528 1475 videt
540 1445 579 1474 ora
589 1429 666 1490 patris.

143 1493 214 1549 'Haeo
226 1495 338 1557 Auguste,
351 1502 433 1548 tamen,
445 1507 496 1554 quae
507 1494 592 1538 vertice
603 1493 675 1539 sidera
684 1486 773 1552 pulsat'

179 1559 225 1606 Par
236 1559 362 1607 domusest
373 1559 431 1604 corio
440 1575 447 1616 3
466 1557 505 1604 sed
515 1559 589 1603 minor
600 1563 634 1603 eat
645 1557 743 1604 domino.

209 1719 211 1724 .
274 1689 314 1734 57.
332 1687 372 1732 Au
384 1686 574 1747 Polyclamum.

148 1816 219 1873 Quod
230 1815 341 1864 Caietano
351 1815 431 1869 reddis,
444 1813 600 1874 Polychanna,
611 1810 710 1866 tabellas,

182 1881 258 1928 Millia
268 1889 291 1927 te
303 1871 392 1926 centum
404 1893 458 1925 num
470 1879 573 1924 tribuisse
582 1875 666 1938 putas?

149 1945 298 2000 Debuithaec,
310 1946 390 2004 inquis.
408 1941 458 1990 Tibi
467 1943 529 1996 habe,
540 1941 696 2003 Polycharmo,
703 1937 809 1985 tabellas:

183 2011 216 2060 Et
228 2009 337 2059 Caietano
348 2009 417 2054 millia
428 2009 494 2054 crede
505 2008 556 2053 duo.

343 2142 384 2184 58.
400 2139 440 2184 Aa
451 2137 578 2184 Meliorem.

220 2269 267 2323 Qui
277 2273 371 2331 praestat
380 2267 464 2328 pietate
473 2263 582 2326 pertinaci

222 2335 320 2380 Sensuro
328 2333 390 2378 'bona
399 2330 543 2382 liberalitatis,

222 2397 305 2461 Captet
314 2396 415 2450 forsitan,
427 2401 465 2440 aut
476 2395 549 2439 vicem
558 2397 676 2453 reposcat:

220 2463 256 2510 'At
267 2463 336 2524 siquis
347 2463 399 2508 dare
410 2459 495 2505 nomini
506 2457 591 2510 relicto,

223 2526 281 2574 Post
292 2527 377 2573 Manes
388 2523 550 2582 tumulumque,
561 2525 695 2584 perseverat,

224 2593 314 2647 Quaerit
324 2591 385 2652 quid,
397 2589 439 2636 nisi
450 2587 537 2650 parcius
549 2584 641 2631 dolere?

223 2657 311 2713 Refert,
324 2657 355 2704 sis
364 2657 443 2709 bonus,
455 2668 484 2700 an
495 2651 552 2699 velis
562 2649 641 2697 rideri.
